=LDR  03667cam a2200673 i 4500
=001  on1274120320
=003  OCoLC
=005  20230126095750.7
=008  210910m20212022be\aeh\\\b\\\\001\0\eng\d
=024  8\$a17875813
=035  \\$a99992947675
=040  \\$aERASA$beng$erda$cERASA$dZCU$dUCW$dOCLCO$dCMA$dJPG$dSYB$dOCLCO$dXII$dYDX$dNJR$dYUS$dCMA$dIUL$dUKMGB$dIL4J6$dIUL$dMEAUC
=020  \\$a9782503589350$q(v. 1 ;$qhardcover ;$qacid-free paper)
=020  \\$a2503589359$q(v. 1 ;$qhardcover ;$qacid-free paper)
=020  \\$a9782503589367$q(v. 2$qhardcover ;$qacid-free paper)
=020  \\$a2503589367$q(v. 2$qhardcover ;$qacid-free paper)
=035  \\$a(OCoLC)1274120320
=043  \\$af------$aa------
=049  \\$aFSSG$l31254802705091
=050  \4$aNA380$b.R45 2021
=082  04$a720$223/eng/20220701
=245  04$aThe religious architecture of Islam /$cedited by Hasan-Uddin Khan & Kathryn Blair Moore ; with contributions by Abeer Hussam Eddin Allaham [and 28 others].
=264  \1$aTurnhout, Belgium :$bBrepols,$c[2021-2022]
=264  \4$c©2021-2022
=300  \\$a2 volumes :$billustrations (chiefly color), facsimiles, plans (some color) ;$c29 cm
=336  \\$atext$btxt$2rdacontent
=336  \\$astill image$bsti$2rdacontent
=337  \\$aunmediated$bn$2rdamedia
=338  \\$avolume$bnc$2rdacarrier
=504  \\$aIncludes bibliographical references and index.
=505  00$gvolume 1.$tAsia and Australia --$gvolume 2.$tAfrica, Europe, and the Americas.
=520  8\$a'The Religious Architecture of Islam' is a wide-ranging multi-author study of the architectural traditions associated with the religion of Islam across the globe. A total of 59 essays by 48 authors are presented across two volumes, 'Volume 1: Asia and Australia' and 'Volume 2: Africa, Europe, and the Americas'. Essays address major themes across historical and contemporary periods of Islam and provide more focused studies of developments unique to specific regions and historical periods. The essays cover Islamic religious architecture broadly defined, including mosques, madrasas, saints' shrines, and funerary architecture. 'The Religious Architecture of Islam' both provides an introduction to the history of Islamic architecture and reflects the most recent scholarship within the field.
=650  \0$aIslamic architecture.
=650  \0$aReligious architecture$zIslamic countries.
=650  \0$aMosques$xHistory.
=650  \0$aMosques$vDesigns and plans.
=650  \6$aArchitecture islamique.$0(CaQQLa)201-0000762
=650  \6$aArchitecture religieuse.$0(CaQQLa)000281481
=650  \7$areligious buildings.$2aat$0(CStmoGRI)aat300007391
=650  \7$aIslamic architecture$2fast$0(OCoLC)fst01730262
=650  \7$aReligious architecture$2fast$0(OCoLC)fst01201165
=650  \7$aMosques$2fast$0(OCoLC)fst01026761
=650  \7$aMadrasahs$2fast$0(OCoLC)fst01005349
=650  \7$aIslamic shrines$2fast$0(OCoLC)fst00980069
=650  \7$aSepulchral monuments$2fast$0(OCoLC)fst01112853
=651  \7$aAsia$2fast$0(OCoLC)fst01240495
=651  \7$aAustralia$2fast$0(OCoLC)fst01204543
=650  \7$aIslamic architecture$2nli
=650  \7$aReligious architecture$zIslamic countries$2nli
=650  \7$aMosques$xHistory$2nli
=650  \7$aMosques$vDesigns and plans.$2nli
=655  \7$aEssays$2fast$0(OCoLC)fst01919922
=700  1\$aKhan, Hasan-Uddin,$eeditor,$econtributor.
=700  1\$aMoore, Kathryn Blair,$eeditor,$econtributor.
=700  1\$aAllaham, Abeer Hussam Eddin ,$eauthor.
=949  \\$aFTaSU$bFSULC$cGEN$9LOCAL
=980  \\$a20230425$b188.00$d672770$e154.16$f99992947675$9LOCAL
=981  \\$bFVHIRTL$9LOCAL
=993  \\$a2$9LOCAL

