=LDR  03741cam a2200529 i 4500
=001  on1337947172
=003  OCoLC
=005  20230225110217.3
=008  220622s2023\\\\nyu\\\\\\b\\\\001\0\eng\\
=010  \\$a  2022021554
=024  8\$a15670925
=035  \\$a99993270545
=040  \\$aDLC$beng$erda$cDLC$dOCLCF$dUAB$dCDX$dYDX
=020  \\$a9780190494056$qhardcover
=020  \\$a0190494050$qhardcover
=020  \\$a9780190494049$qpaperback
=020  \\$a0190494042$qpaperback
=020  \\$z9780190494070$qelectronic publication
=035  \\$a(OCoLC)1337947172
=042  \\$apcc
=049  \\$aFSSG$l31254802704805
=050  00$aJC327$b.K47 2023
=082  00$a320.1/5$223/eng/20220729
=100  1\$aKer-Lindsay, James,$d1972-$eauthor.
=245  10$aSecession and state creation :$bwhat everyone needs to know /$cJames Ker-Lindsay and Mikulas Fabry.
=264  \1$aNew York, NY :$bOxford University Press,$c[2023]
=300  \\$axiii, 184 pages ;$c22 cm.
=336  \\$atext$btxt$2rdacontent
=337  \\$aunmediated$bn$2rdamedia
=338  \\$avolume$bnc$2rdacarrier
=490  1\$aWhat everyone needs to know
=504  \\$aIncludes bibliographical references (pages 175-178) and index.
=505  0\$aStatehood and secession in international politics -- Old rules: secession and state Creation, 1776-1945 -- Modern rules: self-determination and decolonization, 1945-1990 -- Changing rules? Secession in the contemporary era, 1990- -- Independence and the institutions of statehood -- Joining the international community -- Current questions and future directions.
=520  \\$a"This book explores the way in which new states emerge in the modern international system. While the subject of secession and state creation has rarely been so newsworthy - especially in light of the 2022 war in Ukraine and other conflicts in the international system - recent events in places such as Kosovo, Catalonia and Kurdistan have highlighted just how difficult it is to create a new country in the modern international system. Although there are now 193 members of the United Nations, just ten states have joined the organisation in the past quarter century. This leads to the obvious question: why is it so hard for territories to gain independence? Using a concise question and answer format, this book explains the evolution of international thinking on secession and state creation and clearly explains the key concepts underpinning the political and legal debates on statehood. To illustrate the points, it draws on many of the most important independence movements over the past two hundred years. It then considers the key attributes of statehood. For example, what institutions does a state need? Does it have to have its own currency and armed forces? It also explains how a new state becomes a part of the wider international system. Finally, it considers whether the international community will rethink its long-standing opposition to secession and open the way for a new era of state creation"--$cProvided by publisher.
=650  \0$aSecession.
=650  \0$aNewly independent states.
=650  \0$aRecognition (International law)
=650  \7$aNewly independent states.$2fast$0(OCoLC)fst01037001
=650  \7$aRecognition (International law)$2fast$0(OCoLC)fst01091447
=650  \7$aSecession.$2fast$0(OCoLC)fst01110536
=700  1\$aFabry, Mikulas,$eauthor.
=776  08$iOnline version:$aKer-Lindsay, James.$tSecession and state creation$dNew York, NY : Oxford University Press, 2022$z9780190494070$w(DLC)  2022021555
=830  \0$aWhat everyone needs to know.
=949  \\$aFTaSU$bFSULC$cGEN$9LOCAL
=980  \\$a20230425$b18.95$d672770$e15.54$f99993270545$9LOCAL
=981  \\$bFPPIRTL$9LOCAL
=993  \\$9LOCAL

