=LDR  03417cam a2200505Ia 4500
=001  ocn818954171
=003  OCoLC
=005  20140218155259.2
=008  121121t20132011azuab\\\\b\\\\001\0\eng\d
=024  8\$a9928130
=035  \\$a99993209903
=040  \\$aYDXCP$cYDXCP$dBTCTA$dOCLCQ$dBMU$dNhCcYBP
=020  \\$a0816530432
=020  \\$a9780816530434
=035  \\$a(OCoLC)818954171
=043  \\$an------
=049  \\$aFSSG$l31254802704854
=050  \4$aE77.8$b.H8 2013
=082  04$a970.01$223
=245  00$aHunter-gatherer archaeology as historical process /$cedited by Kenneth E. Sassaman and Donald H. Holly, Jr.
=260  \\$aTuscon :$bUniversity of Arizona Press,$c2013, c2011.
=300  \\$aviii, 341 p. :$bill., maps ;$c23 cm.
=490  1\$aAmerind studies in archaeology ;$v[v. 7]
=500  \\$aPapers from a seminar held in 2008 at the Amerind Foundation in Dragoon, Ariz.
=500  \\$a"First issued as a paperback edition in 2013."
=504  \\$aIncludes bibliographical references (p. [259]-327) and index.
=505  0\$aTransformative hunter-gatherer archaeology in North America /  Kenneth E. Sassman and Donald H. Holly Jr. --  Social histories of complex hunter-gatherers : Pacific Northwest prehistory in a macroevolutionary framework / Anna Marie Prentiss -- Thinking small : hunter-gatherer demography and culture change / Kathleen L. Hull --  Evolutionary typologies and hunter-gatherer research : rethinking the mounded landscapes of central California / Kent G. Lightfoot, Edward M. Luby, and Lisa Pesnichak. -- When foragers fail : in the eastern Subarctic, for example / Donald H. Holly Jr. -- Transforming hunter-gatherer history at Poverty Point / Tristram R. Kidder -- Remapping archaic social histories along the St. Johns River in Florida / Asa R. Randall -- Ancient social landscapes in the eastern Subarctic / Moira McCaffrey -- Mobility as resistance : colonialism almong nomadic hunter-gatherers in the American West / Laura L. Scheiber and Judson Byrd Finley -- History and alterity in the eastern archaic / Kenneth E. Sassaman -- Paleoindian and archaic period traditions : particular explanations from New England /  Brian S. Robinson and Jennifer C. Ort -- Structural transformation and innovation in emergent political economies of southern California / Lynn H. Gamble -- Epilogue : Foragers in hindsight, or theory and method meet history /  H. Martin Wobst.
=504  \\$aIncludes bibliographical references and index.
=650  \0$aIndians of North America$xAntiquities$vCongresses.
=650  \0$aIndians of North America$xHistoriography$vCongresses.
=650  \0$aHunting and gathering societies$zNorth America$xHistory$vCongresses.
=650  \0$aHunting and gathering societies$zNorth America$xHistoriography$vCongresses.
=650  \0$aExcavations (Archaeology)$zNorth America$vCongresses.
=650  \0$aArchaeology and history$zNorth America$vCongresses.
=650  \0$aArchaeology$zNorth America$xPhilosophy$vCongresses.
=651  \0$aNorth America$xAntiquities$vCongresses.
=651  \0$aNorth America$xHistoriography$vCongresses.
=700  1\$aSassaman, Kenneth E.
=700  1\$aHolly, Donald H.,$cJr.
=710  2\$aAmerind Foundation.
=830  \0$aAmerind studies in archaeology ;$vv. 7.
=949  \\$aFTaSU$bFSULC$cGEN$9LOCAL
=980  \\$a20230425$b35.00$d672770$e28.70$f99993209903$9LOCAL
=981  \\$bFAAIRTL$9LOCAL
=993  \\$9LOCAL

