=LDR  01512cam a2200421 i 4500
=001  on1351680959
=003  OCoLC
=005  20230217065533.6
=008  221115s2023\\\\enkaf\\\\b\\\\001\0\eng\d
=024  8\$a18247096
=035  \\$a99993216699
=040  \\$aUKMGB$beng$erda$cUKMGB$dYDX$dOCLCF$dYDX
=020  \\$a9781527590656$qhardback
=020  \\$a1527590658$qhardback
=035  \\$a(OCoLC)1351680959
=049  \\$aFSSG$l31254802704987
=050  \4$aPN2071.G4$bP43 2023
=082  04$a792.3$223
=100  1\$aPedretti, Michael,$eauthor.
=245  14$aThe inside story of Movement Theatre International's mime and clown festivals /$cMichael Pedretti ; foreword by Tanya Belkov [and four others].
=264  \1$aNewcastle upon Tyne :$bCambridge Scholars Publishing,$c2023.
=300  \\$axviii, 679 pages, 8 unnumbered pages of plates :$billustrations (some color) ;$c21 cm
=336  \\$atext$2rdacontent
=337  \\$aunmediated$2rdamedia
=338  \\$avolume$2rdacarrier
=504  \\$aIncludes bibliographical references and index.
=650  \0$aMime.
=650  \0$aClowning.
=650  \0$aTheater$xHistory$y20th century.
=650  \7$aClowning.$2fast$0(OCoLC)fst00864910
=650  \7$aMime.$2fast$0(OCoLC)fst01021913
=650  \7$aTheater.$2fast$0(OCoLC)fst01149217
=648  \7$a1900-1999$2fast
=655  \7$aHistory.$2fast$0(OCoLC)fst01411628
=949  \\$aFTaSU$bFSULC$cGEN$9LOCAL
=980  \\$a20230425$b99.95$d672770$e81.96$f99993216699$9LOCAL
=981  \\$bFTZHPTL$9LOCAL
=993  \\$9LOCAL

