=LDR  03254cam a2200457Ii 4500
=001  ocn960837733
=003  OCoLC
=005  20190920145840.5
=008  161018s2019\\\\enk\\\\\\b\\\\001\0\eng\d
=024  8\$a13220812
=035  \\$a99993029126
=040  \\$aYDX$beng$erda$cYDX$dOCLCQ$dBDX$dUKMGB$dOCLCO$dOCLCF$dYDXIT$dUKOBU$dERASA
=020  \\$a1472437144$q(hardback)
=020  \\$a9781472437143$q(hardback)
=035  \\$a(OCoLC)960837733
=049  \\$aFSSG$l31254802703617
=050  \4$aZ286.A77$bH84 2019
=082  04$a070.5/94$223
=100  1\$aHughes, Sally,$d1951-$eauthor.
=245  10$aMuseum and gallery publishing :$bfrom theory to case study /$cSarah Anne Hughes.
=264  \1$aLondon :$bRoutledge, Taylor & Francis Group,$c2019.
=300  \\$axiii, 209 pages ;$c24 cm.
=336  \\$atext$btxt$2rdacontent
=337  \\$aunmediated$bn$2rdamedia
=338  \\$avolume$bnc$2rdacarrier
=490  1\$aRoutledge research in museum studies
=504  \\$aIncludes bibliographical references and index.
=520  8\$aMuseum and Gallery Publishing' examines the theory and practice of general and scholarly publishing associated with museum and art gallery collections. Focusing on the production and reception of these texts, the book explains the relevance of publishing to the cultural, commercial and social contexts of collections and their institutions.0Combining theory with case studies from around the world, Sarah Anne Hughes explores how, why and to what effect museums and galleries publish books. Covering a broad range of publishing formats and organisations, including heritage sites, libraries and temporary exhibitions, the book argues that the production and consumption of printed media within the context of collecting institutions occupies a unique and privileged role in the creation and communication of knowledge. Acknowledging that books offer functions beyond communication, Hughes argues that this places books published by museums in a unique relationship to institutions, with staff acting as producers and visitors as consumers.The logistical and ethical dimensions of museum and gallery publishing are also examined in depth, including consideration of issues such as production, the impact of digital technologies, funding and sponsorship, marketing, co-publishing, rights, and curators' and artists' agency.0Focusing on an important but hitherto neglected topic, 'Museum and Gallery Publishing' is key reading for researchers in the fields of museum, heritage, art and publishing studies. It will also be of interest to curators and other practitioners working in museums, heritage and science centres and art galleries.
=650  \0$aArt publishing.
=650  \0$aSmall presses.
=650  \0$aScholarly publishing.
=650  \0$aLibraries and publishing.
=650  \7$aArt publishing.$2fast$0(OCoLC)fst00815794
=650  \7$aLibraries and publishing.$2fast$0(OCoLC)fst00997558
=650  \7$aScholarly publishing.$2fast$0(OCoLC)fst01106866
=650  \7$aSmall presses.$2fast$0(OCoLC)fst01121469
=830  \0$aRoutledge research in museum studies.
=949  \\$aFTaSU$bFSULC$cGEN$9LOCAL
=980  \\$a20230425$b170.00$d672769$e139.40$f99993029126$9LOCAL
=981  \\$bFVHIRTL$9LOCAL
=993  \\$9LOCAL

