=LDR  03290cam a2200673 i 4500
=001  on1321073017
=003  OCoLC
=005  20220920141315.0
=008  220702s2022\\\\mdu\\\\\\b\\\\001\0\eng\\
=010  \\$a  2022023340
=024  8\$a17946964
=035  \\$a99993171938
=040  \\$aLBSOR/DLC$beng$erda$cDLC$dYDX$dUKMGB$dOCLCF$dYDX
=019  \\$a1321787289
=020  \\$a9781786610287$qhardcover
=020  \\$a1786610280$qhardcover
=020  \\$a9781538172971$qpaperback
=020  \\$a1538172976$qpaperback
=020  \\$z9781786610300$qelectronic book
=020  \\$a1786610299$qpaperback
=020  \\$a9781786610294$qpaperback
=035  \\$a(OCoLC)1321073017$z(OCoLC)1321787289
=042  \\$apcc
=049  \\$aFSSG$l31254802704979
=050  00$aJZ4986$b.H37 2022
=082  00$a341.2309$223/eng/20220801
=100  1\$aHarsant, Katy,$eauthor.
=245  10$aSelective responsibility in the United Nations :$bcolonial histories and critical inquiry /$cKaty Harsant.
=264  \1$aLanham :$bRowman & Littlefield,$c[2022]
=300  \\$axiii, 177 pages ;$c24 cm.
=336  \\$atext$btxt$2rdacontent
=337  \\$aunmediated$bn$2rdamedia
=338  \\$avolume$bnc$2rdacarrier
=490  0\$aKilombo : international relations and colonial questions
=504  \\$aIncludes bibliographical references and index.
=505  0\$aIntroduction: Selective responsibility and reading through history -- From sovereignty to sovereign equality -- Resistance to imperialism and the two leagues -- The United Nations and colonialism : re-narrating San Francisco -- The rise of Asia-Africa and discourses of development -- After Bandung : independence and non-alignment -- From non-intervention to R2P.
=520  \\$a"Why does the United Nations invoke its responsibility to protect through interventions in some instances but not others? This book challenges the dominant narrative of the UN as an institution of equality and progress by analyzing the colonial origins of the organization and revealing the unequal power relations it has perpetuated"--$cProvided by publisher.
=610  20$aUnited Nations$xHistory.
=610  20$aUnited Nations.$bSecurity Council.
=610  27$aUnited Nations.$2fast$0(OCoLC)fst00530351
=610  27$aUnited Nations.$bSecurity Council.$2fast$0(OCoLC)fst00545731
=650  \0$aSovereignty.
=650  \0$aPostcolonialism.
=650  \0$aEurocentrism.
=650  \0$aAdministrative responsibility.
=650  \0$aIntervention (International law)
=650  \0$aSecurity, International.
=650  \7$aAdministrative responsibility.$2fast$0(OCoLC)fst00796932
=650  \7$aEurocentrism.$2fast$0(OCoLC)fst00916597
=650  \7$aIntervention (International law)$2fast$0(OCoLC)fst00977583
=650  \7$aPostcolonialism.$2fast$0(OCoLC)fst01073032
=650  \7$aSecurity, International.$2fast$0(OCoLC)fst01110895
=650  \7$aSovereignty.$2fast$0(OCoLC)fst01127379
=655  \7$aHistory.$2fast$0(OCoLC)fst01411628
=776  08$iOnline version:$aHarsant, Katy.$tSelective responsibility in the United Nations$dLanham : Rowman & Littlefield, [2022]$z9781786610300$w(DLC)  2022023341
=949  \\$aFTaSU$bFSULC$cGEN$9LOCAL
=980  \\$a20230425$b120.00$d672770$e98.40$f99993171938$9LOCAL
=981  \\$bFPPIRTL$9LOCAL
=993  \\$9LOCAL

