=LDR  02646cam a2200565 i 4500
=001  on1347211595
=003  OCoLC
=005  20230309151405.8
=008  220922s2023\\\\flu\\\\\\b\\\\001\0\eng\\
=010  \\$a  2022045033
=024  8\$a18159035
=035  \\$a99993101964
=040  \\$aFUG/DLC$beng$erda$cDLC$dBDX$dOCLCF$dYDX
=020  \\$a9780813069630$qhardcover
=020  \\$a0813069637$qhardcover
=020  \\$z9780813070490$qelectronic book
=020  \\$z9780813072845$qelectronic book
=035  \\$a(OCoLC)1347211595
=042  \\$apcc
=043  \\$an-us---
=049  \\$aFSSG$l31254802704912
=050  00$aGV1600$b.M37 2023
=082  00$a306.4/840973$223/eng/20221013
=100  1\$aMattingly, Kate,$eauthor.
=245  10$aShaping dance canons :$bcriticism, aesthetics, and equity /$cKate Mattingly.
=264  \1$aGainesville, FL :$bUniversity Press of Florida,$c[2023]
=300  \\$axii, 230 pages ;$c24 cm
=336  \\$atext$btxt$2rdacontent
=337  \\$aunmediated$bn$2rdamedia
=338  \\$avolume$bnc$2rdacarrier
=504  \\$aIncludes bibliographical references and index.
=505  0\$aWhat Is Dance Criticism? John Martin's Impact on Critical Expectations -- Who Is a Critic? Yvonne Rainer's Published Performances -- Dance Criticism and Disciplinary Formation -- Dance Criticism after Dance Studies -- Digital Dance Criticism:
=520  \\$a"The first book to examine dance criticism in the United States across 100 years, this study argues that critics in the popular press have influenced how dance has been defined and valued, as well as which artists and dance forms have been taken most seriously"--$cProvided by publisher.
=650  \0$aDance criticism$zUnited States$xHistory.
=650  \0$aDance$xSocial aspects$zUnited States$xHistory.
=650  \0$aAesthetics.
=650  \0$aGender identity in dance$xHistory.
=650  \0$aDance$xSex differences$zUnited States$xHistory.
=650  \7$aAesthetics.$2fast$0(OCoLC)fst00798702
=650  \7$aDance criticism.$2fast$0(OCoLC)fst00887504
=650  \7$aDance$xSex differences.$2fast$0(OCoLC)fst00887465
=650  \7$aDance$xSocial aspects.$2fast$0(OCoLC)fst00887466
=650  \7$aGender identity in dance.$2fast$0(OCoLC)fst00939605
=651  \7$aUnited States.$2fast$0(OCoLC)fst01204155
=655  \7$aHistory.$2fast$0(OCoLC)fst01411628
=776  08$iOnline version:$aMattingly, Kate.$tShaping dance canons$dGainesville : University Press of Florida, 2023$z9780813070490$w(DLC)  2022045034
=949  \\$aFTaSU$bFSULC$cGEN$9LOCAL
=980  \\$a20230425$b85.00$d672770$e69.70$f99993101964$9LOCAL
=981  \\$bFVCIRTL$9LOCAL
=993  \\$9LOCAL

