=LDR  01109cam a2200361 i 4500
=001  on1314432373
=003  OCoLC
=005  20221118141850.8
=008  220507t20222022vra\\\\\\\\\\\000\p\eng\d
=024  8\$a17928711
=035  \\$a99992646142
=040  \\$aYDX$beng$erda$cYDX$dSINLB$dBDX$dOCLCF$dCDX$dIUL
=020  \\$a9780648917663$qpaperback
=020  \\$a0648917665$qpaperback
=035  \\$a(OCoLC)1314432373
=049  \\$aFSSG$l31254802704748
=050  \4$aPR9570.S53$bB647 2022
=082  04$aS821$223
=100  1\$aBoey, Kim Cheng,$eauthor.
=245  14$aThe singer and other poems /$cKim Cheng Boey.
=264  \1$aCarlton South, Victoria :$bCordite Books,$c[2022]
=264  \4$c©2022
=300  \\$axiv, 85 pages ;$c23 cm
=336  \\$atext$btxt$2rdacontent
=337  \\$aunmediated$bn$2rdamedia
=338  \\$avolume$bnc$2rdacarrier
=500  \\$a"Book 02, Series 5."
=655  \7$aPoetry.$2fast$0(OCoLC)fst01423828
=655  \7$aPoetry.$2lcgft
=949  \\$aFTaSU$bFSULC$cGEN$9LOCAL
=980  \\$a20230425$b20.00$d672770$e20.00$f99992646142$9LOCAL
=981  \\$bFAEIRTL$9LOCAL
=993  \\$9LOCAL

