=LDR  03714cam a2200493 i 4500
=001  on1333436732
=003  OCoLC
=005  20230331045607.4
=008  220617s2022\\\\mdua\\\\\b\\\\001\0\eng\\
=010  \\$a  2022015702
=024  8\$a17922706
=035  \\$a99993172523
=040  \\$aLBSOR/DLC$beng$erda$cDLC$dUKMGB$dBDX$dOCLCF$dYDX$dYUS$dWAU
=020  \\$a9781538160930$q(hardcover)
=020  \\$a1538160935$q(hardcover)
=020  \\$z9781538160947$qelectronic publication
=035  \\$a(OCoLC)1333436732
=042  \\$apcc
=049  \\$aFSSG$l31254802704672
=050  00$aH97$b.I44 2022
=082  00$a320.6$223/eng/20220627
=245  00$aInstitutions and incentives in public policy :$ban analytical assessment of non-market decision-making /$cedited by Rosolino A. Candela, Rosemarie Fike, and Roberta Herzberg.
=264  \1$aLanham :$bRowman & Littlefield,$c[2022]
=300  \\$axviii, 298 pages :$billustrations (black and white) ;$c24 cm.
=336  \\$atext$btxt$2rdacontent
=337  \\$aunmediated$bn$2rdamedia
=338  \\$avolume$bnc$2rdacarrier
=490  1\$aEconomy, polity, and society
=504  \\$aIncludes bibliographical references and index.
=520  \\$a"Institutions and Incentives in Public Policy: An Analytical Assessment of Non-Market Decision-Making explores, both in theory and in practice, the consequences of using public policy as a tool to achieve specific individual and social goals, as well as its impact on private solutions to address such goals"--$cProvided by publisher.
=505  0\$aIntroduction / by Rosolino A. Candela, Rosemarie Fike, and Roberta Herzberg -- Rise of a centropoly : good intentions, distorted incentives, and the cloaked costs of top-down reform in US public education / by Martha Bradley-Dorsey -- Group identity and unintended consequences of school desegregation / by Nathaniel Burke -- Compensating the innocent : Hayekian considerations for wrongful conviction compensation statutes / by Dora Duru -- Rent-seeking in Medicaid managed care / by Neil McCray -- Banking on the masses : mainstreaming marginal legal entrepreneurship along with the trappings of transitional gains, 1910 to 1940 / by Thomas B. Storrs -- Taking time and distinct law types seriously : how the effects of CSO laws vary by type and unfold over time / by Anthony J. DeMattee -- A tale of one city : Lavasa as a Coasian prototype of a private urban development / by Vera Kichanova -- The political effects of a polycentric order in Nigeria / by Ifeoluwa M. Olawole -- Environmental justice, incentives, and the unknown : knowledge problems, institutional incentives, and responses to natural disaster scenarios / by Emil Panzaru -- Unintended consequences of a US meat tax / by Alison Grant -- Institutional differences in the stewardship and research output of United States herbaria / by Alexis Garretson -- Introducing a theory of asset specificity for hacking services / by Karl Grindal.
=650  \0$aPolicy sciences.
=650  \0$aPublic administration$xDecision making.
=650  \7$aPolicy sciences.$2fast$0(OCoLC)fst01068796
=650  \7$aPublic administration$xDecision making.$2fast$0(OCoLC)fst01081996
=700  1\$aCandela, Rosolino,$d1984-$eeditor.
=700  1\$aFike, Rosemarie,$eeditor.
=700  1\$aHerzberg, Roberta Q.,$eeditor.
=776  08$iOnline version:$tInstitutions and incentives in public policy.$dLanham : Rowman & Littlefield, [2022]$z9781538160947$w(DLC)  2022015703$w(OCoLC)1333689660
=830  \0$aEconomy, polity, and society (Rowman & Littlefield International)
=949  \\$aFTaSU$bFSULC$cGEN$9LOCAL
=980  \\$a20230425$b120.00$d672770$e98.40$f99993172523$9LOCAL
=981  \\$bFPAIRTL$9LOCAL
=993  \\$9LOCAL

