=LDR  02072cam a2200373 i 4500
=001  on1337856380
=003  OCoLC
=005  20221110162214.2
=008  220730s2022\\\\nyu\\\\\\\\\\\000\d\eng\d
=024  8\$a18061837
=035  \\$a99993290179
=040  \\$aYDX$beng$erda$cYDX$dYDX
=020  \\$a0573709742$qpaperback
=020  \\$a9780573709746$qpaperback
=035  \\$a(OCoLC)1337856380
=049  \\$aFSSG$l31254802704797
=050  \4$aPS3545.I345$bT46 2022
=082  04$a812/.52$223
=100  1\$aWilder, Thornton,$d1897-1975,$eauthor.
=240  10$aPlays.$kSelections
=245  10$aThornton Wilder's playlets :$bshort, short plays for 3-5 persons /$cThornton Wilder.
=264  \1$a[New York] :$bSamuel French,$c[2022]
=300  \\$a144 pages ;$c21 cm.
=336  \\$atext$btxt$2rdacontent
=337  \\$aunmediated$bn$2rdamedia
=338  \\$avolume$bnc$2rdacarrier
=490  1\$aActing edition
=520  \\$aThis anthology by Pulitzer Prize-winning playwright Thornton Wilder is a collection of 22 very short plays, three of which are published here for the very first time. These snapshots of the creative spirit at play explore a variety of complex characters that range from the ordinary to the biblical, the haunted to the mystical. From the tale of a conflicted composer with a strangely familiar tune stuck in his head (The Song of Maria Bentedos) to a pair of newlyweds who find themselves bizarrely affected by the color of their hotel's tea room (Flamingo Red: A Comedy in Danger), all these tales--many told with great wit and humor--ask the thought-provoking questions of mortality, morality and faith that Thornton Wilder is famous for asking. Most of the plays run about four minutes in length, and can be presented with three actors. The entire collection can be presented with a cast ranging from six to 32 actors.
=650  \0$aOne-act plays, American.
=830  \0$aSamuel French acting edition.
=949  \\$aFTaSU$bFSULC$cGEN$9LOCAL
=980  \\$a20230425$b9.95$d672770$e9.95$f99993290179$9LOCAL
=981  \\$bFTZIRTL$9LOCAL
=993  \\$9LOCAL

