=LDR  01324cam a2200385Ma 4500
=001  ocn749740215
=003  OCoLC
=005  20160128165634.1
=008  100803r20102009nyu\\\\\\b\\\\000\p\eng\d
=024  8\$a3423320
=035  \\$a99992862371
=040  \\$aUKMGB$beng$cUKMGB$dBDX$dOCLCF$dOCLCO$dYDXCP$dOCLCQ$dUKM$dNhCcYBP
=019  \\$a310155115
=020  \\$a9780393338935$qpbk.
=020  \\$a0393338932$qpbk.
=035  \\$a(OCoLC)749740215$z(OCoLC)310155115
=049  \\$aFSSG$l31254802705158
=050  \4$aPS3554.O884$bS66 2010
=082  04$a811/.54$223
=100  1\$aDove, Rita.
=245  10$aSonata mulattica :$ba life in five movements and a short play : poems /$cby Rita Dove.
=260  \\$aNew York ;$aLondon :$bW.W. Norton,$c2010.
=300  \\$a231 pages ;$c21 cm
=336  \\$atext$btxt$2rdacontent
=337  \\$aunmediated$bn$2rdamedia
=338  \\$avolume$bnc$2rdacarrier
=500  \\$aOriginally published: 2009.
=504  \\$aIncludes bibliographical references.
=650  \0$aRacially mixed people$vPoetry.
=650  \7$aRacially mixed people.$2fast$0(OCoLC)fst01086595
=655  \7$aPoetry.$2fast$0(OCoLC)fst01423828
=949  \\$aFTaSU$bFSULC$cGEN$dNew Faculty Grant Maria Ryan$9LOCAL
=980  \\$a20230425$b16.95$d672770$e13.90$f99992862371$9LOCAL
=981  \\$bFNFIRTL$9LOCAL
=993  \\$9LOCAL

