=LDR  04698cam a2200505 i 4500
=001  on1346154253
=003  OCoLC
=005  20230330002251.5
=008  220929s2022\\\\enk\\\\\\b\\\\000\0\eng\d
=024  8\$a18135815
=035  \\$a99993171943
=040  \\$aYDX$beng$erda$cYDX$dUKMGB$dYDX$dOCLCF$dICU
=020  \\$a1527587487$qhardcover
=020  \\$a9781527587489$qhardcover
=020  \\$z9781527587496 (ebook)
=035  \\$a(OCoLC)1346154253
=043  \\$an-us---
=049  \\$aFSSG$l31254802705042
=050  \4$aJK526 2016$b.B46 2022
=082  04$a070.4493249730932$223
=100  1\$aBen Ghozlen, Boutheina,$eauthor.
=245  10$aUS print media representations of Donald Trump and Hilary Clinton during the 2016 election /$cby Boutheina Ben Ghozlen.
=264  \1$aNewcastle upon Tyne, UK :$bCambridge Scholars Publishing,$c2022.
=300  \\$axii, 376 pages ;$c22 cm
=336  \\$atext$btxt$2rdacontent
=337  \\$aunmediated$bn$2rdamedia
=338  \\$avolume$bnc$2rdacarrier
=504  \\$aIncludes bibliographical references.
=505  0\$aSynopsis -- General introduction. 0.1. Background to the study ; 0.2. Statement of the problem ; 0.3. Research questions and hypotheses ; 0.4. Book structure -- Chapter one: Media effects concepts. 1.1. Key concepts defined ; 1.2. Framing ; 1.3. Agenda-setting ; 1.4. Priming ; 1.5. Comparing framing, agenda-setting, and priming ; 1.6. Framing political candidates ; 1.7. Conclusion -- Chapter two: Evaluation in news discourse. 2.1. Evaluation introduced ; 2.2. Stance ; 2.3. Bednarek's parameter-based approach ; 2.4. Appraisal ; 2.5. The adopted news actors' evaluation model ; 2.6. Conclusion -- Chapter three: A corpus linguistics perspective : collocations. 3.1. Linguistics in the digital age ; 3.2. The concept of collocation -- Chapter four: The 2016 U.S. election. 4.1. A brief overview ; 4.2. U.S. mainstream media coverage ; 4.3. An unexpected victory ; 4.4. Conclusion -- Chapter five: The study. 5.1. The corpus ; 5.2. Content analysis : a  methodological framework ; 5.3. The analytical procedure ; 5.4. Conclusion -- Chapter six: Findings and discussion. 6.1. Candidates' representation strategies ; 6.2. Political stance in newspapers' representations of the candidates ; 6.3. Conclusion -- Chapter seven: General conclusion. 7.1. Major findings ; 7.2. Implications -- Appendix A: List of the selected editorials ; Appendix B.1: The frames annotation scheme ; Appendix B.2: The appraisal annotation scheme ; Appendix C: The validation test ; Appendix D.1: Illustrations of the horse race frame ; Appendix D.2: Illustrations of the issue frame ; Appendix D.3: The issue frame realized through a 'dominant lexical field' ; Appendix D.4: Illustrations of the scandal frame ; Appendix E.1: Illustrations of the linguistic realizations of affect evaluations ; Appendix E.2: Illustrations of the linguistic realizations of judgment evaluations ; Appendix E.3: Illustrations of the linguistic realizations of appreciation evaluations ; Appendix F.1: T-score ordered collocates of DONALD TRUMP ; Appendix F.2: T-score ordered collocates of HILLARY CLINTON ; Appendix F.3: T-score ordered collocates of CLINTON ; Appendix G.1: KWIC concordances for a sample of DONALD TRUMP collocates ; Appendix G.2: KWIC concordances for a sample of HILLARY CLINTON collocates ; Appendix H: Illustrations of engagement resources.
=520  \\$a"This book presents a corpus-based study of the US print media representations of Donald Trump and Hillary Clinton during the 2016 election. It highlights substantial discrepancies in their media portrayals, essentially motivated by partisanship, journalistic norms, candidate-related attributes, and the unfolding global changes. It offers new theoretical and practical insights into research on political communication research, corpus linguistics, systemic functional linguistics, critical discourse analysis, and pragmatics."--Cover page 4.
=600  10$aTrump, Donald,$d1946-$xPublic opinion.
=600  10$aClinton, Hillary Rodham$xPublic opinion.
=600  17$aClinton, Hillary Rodham.$2fast$0(OCoLC)fst00316468
=600  17$aTrump, Donald,$d1946-$2fast$0(OCoLC)fst00174117
=650  \0$aPresidents$xElection$y2016$xPress coverage$zUnited States.
=650  \0$aCorpora (Linguistics)
=650  \7$aCorpora (Linguistics)$2fast$0(OCoLC)fst01740921
=650  \7$aPublic opinion.$2fast$0(OCoLC)fst01082785
=651  \7$aUnited States.$2fast$0(OCoLC)fst01204155
=648  \7$a2016$2fast
=776  08$iebook version :$z9781527587496
=949  \\$aFTaSU$bFSULC$cGEN$9LOCAL
=980  \\$a20230425$b99.95$d672770$e81.96$f99993171943$9LOCAL
=981  \\$bFPPIRTL$9LOCAL
=993  \\$9LOCAL

