=LDR  01963cam a2200481 i 4500
=001  on1243057422
=003  OCoLC
=005  20221102143243.6
=008  210324t20202020nyu\\\\\\\\\\\000\d\eng\d
=024  8\$a17301755
=035  \\$a99993216703
=040  \\$aYDX$beng$erda$cYDX$dTWT$dOCLCO$dOCLCF$dSSC$dYDX$dPIT
=020  \\$a9780573708503$qpaperback
=020  \\$a0573708509$qpaperback
=035  \\$a(OCoLC)1243057422
=049  \\$aFSSG$l31254802704706
=050  \4$aPS3603.E366$bA45 2020
=082  04$a812.6$223
=100  1\$aCefaly, Audrey,$eauthor.
=245  10$aAlabaster /$cby Audrey Defaly.
=264  \1$a[New York] :$bSamuel French,$c[2020]
=264  \4$c©2020
=300  \\$a91 pages ;$c21 cm.
=336  \\$atext$btxt$2rdacontent
=337  \\$aunmediated$bn$2rdamedia
=338  \\$avolume$bnc$2rdacarrier
=490  1\$aSamuel French acting edition
=500  \\$aDrama / 4 women
=520  \\$a"After a tornado barrels through town leaving nothing but death and destruction, only June and her pet goat Weezy live to tell the tale. When a prominent photographer visits to take pictures of June's scars, both are forced to reconcile the pain of loss and recovery. This all-female, darkly comic southern drama explores the meaning and purpose of art and the struggle of the lost and tortured souls that seek to create it"--$cPublisher's description.
=650  \0$aBereavement$vDrama.
=650  \0$aWounds and injuries$vDrama.
=650  \0$aArtists$vDrama.
=650  \0$aWomen$vDrama.
=650  \7$aArtists.$2fast$0(OCoLC)fst00817559
=650  \7$aBereavement.$2fast$0(OCoLC)fst00830665
=650  \7$aWomen.$2fast$0(OCoLC)fst01176568
=650  \7$aWounds and injuries.$2fast$0(OCoLC)fst01181488
=655  \7$aDrama.$2fast$0(OCoLC)fst01423879
=830  \0$aSamuel French acting edition.
=949  \\$aFTaSU$bFSULC$cGEN$9LOCAL
=980  \\$a20230425$b9.95$d672772$e9.95$f99993216703$9LOCAL
=981  \\$bFTZHPTL$9LOCAL
=993  \\$9LOCAL

