=LDR  04404cam a2200637 i 4500
=001  on1268120219
=003  OCoLC
=005  20221130142118.4
=008  210830t20222022ilua\\\\\b\\\\001\0\eng\\
=010  \\$a  2021041769
=024  8\$a17649706
=035  \\$a99993171931
=040  \\$aICU/DLC$beng$erda$cDLC$dOCLCO$dYDX$dOCLCF$dBDX$dOCLCO$dYDX$dTFW$dNWQ
=020  \\$a9780226819273$qhardcover
=020  \\$a0226819272$qhardcover
=020  \\$a9780226819297$qpaperback
=020  \\$a0226819299$qpaperback
=020  \\$z9780226819280$qelectronic book
=035  \\$a(OCoLC)1268120219
=042  \\$apcc
=043  \\$an-us---
=049  \\$aFSSG$l31254802705281
=050  00$aJS303.5$b.A69 2022
=082  00$a320.80973$223
=100  1\$aAnzia, Sarah F.,$eauthor.
=245  10$aLocal interests :$bpolitics, policy, and interest groups in US city governments /$cSarah F. Anzia.
=264  \1$aChicago :$bThe University of Chicago Press,$c2022.
=264  \4$c©2022
=300  \\$a336 pages :$billustrations ;$c24 cm
=336  \\$atext$btxt$2rdacontent
=337  \\$aunmediated$bn$2rdamedia
=338  \\$avolume$bnc$2rdacarrier
=504  \\$aIncludes bibliographical references and index.
=505  00$tInterest groups and public policy in US local government --$tThe policy-focused approach to studying interest groups --$tHow active are interest groups in local politics? --$tWhat kinds of interest groups are most active? --$tPolitical parties in local politics --$tInfluence: issues, approach, and expectations --$tBusiness and growth --$tUnions, public safety, and local government spending --$tInterest group influence in local elections --$tLocal interests and power.
=520  \\$a"Although police behavior and the cost of housing are debated nationally, much of the policymaking on these issues takes place, not at the national level, but in local governments. The role of the federal government in managing the thousands of local police departments is very limited. On housing, the absence of affordable housing is largely the result of zoning laws and development decisions made at the local level. In Local Interests: Interest Groups and Public Policy in U.S. City Government, Sarah Anzia explores local governments and the interest groups that lobby them on important issues, with a focus on police and economic development and housing, areas that are critical in local politics. In doing so, Anzia not only offers a different perspective on these critical issues, for example demonstrating why reforms in policing practices supported by progressive often are stymied, and why efforts to increase density and create more houses fail. Anzia also contributes to our knowledge about how interest groups function generally and giving us an important perspective on the too-often stepchild of political science, local politics"--$cProvided by publisher.
=650  \0$aLocal government$zUnited States$xCitizen participation.
=650  \0$aPublic interest groups$zUnited States.
=650  \0$aPolice administration$zUnited States$xCitizen participation.
=650  \0$aEconomic development$zUnited States$xCitizen participation.
=650  \0$aHousing policy$zUnited States$xCitizen participation.
=650  \6$aAdministration locale$zÉtats-Unis$xParticipation des citoyens.
=650  \6$aGroupes de défense de l'intérêt public$zÉtats-Unis.
=650  \6$aPolice$xAdministration$zÉtats-Unis$xParticipation des citoyens.
=650  \6$aDéveloppement économique$zÉtats-Unis$xParticipation des citoyens.
=650  \6$aLogement$xPolitique gouvernementale$zÉtats-Unis$xParticipation des citoyens.
=650  \7$aEconomic development$xCitizen participation.$2fast$0(OCoLC)fst00901788
=650  \7$aHousing policy$xCitizen participation.$2fast$0(OCoLC)fst00962435
=650  \7$aLocal government$xCitizen participation.$2fast$0(OCoLC)fst01001310
=650  \7$aPolice administration$xCitizen participation.$2fast$0(OCoLC)fst01068549
=650  \7$aPublic interest groups.$2fast$0(OCoLC)fst01750275
=651  \7$aUnited States.$2fast$0(OCoLC)fst01204155
=776  08$iOnline version:$aAnzia, Sarah F.$tLocal interests.$dChicago : The University of Chicago Press, 2022$z9780226819280$w(OCoLC)1309052835
=949  \\$aFTaSU$bFSULC$cGEN$9LOCAL
=980  \\$a20230425$b35.00$d672772$e28.70$f99993171931$9LOCAL
=981  \\$bFPPIRTL$9LOCAL
=993  \\$9LOCAL

