=LDR  03808cam a2200529 i 4500
=001  on1122740567
=003  OCoLC
=005  20221209143859.6
=008  191011t20192020iluaf\\\\b\\\\001\0\eng\d
=024  8\$a16473260
=035  \\$a99992096998
=040  \\$aYDX$beng$erda$cYDX$dVFL$dOCLCF$dCUV$dIL4J6$dOCLCO$dYDXIT$dOCLCQ$dFWA$dIBI$dOCLCO$dHIR
=020  \\$a9781478638155$q(paperback)
=020  \\$a147863815X$q(paperback)
=035  \\$a(OCoLC)1122740567
=049  \\$aFSSG$l31254802704698
=050  \4$aTT507$b.C92 2020
=082  04$a792.26$223
=100  1\$aCunningham, Rebecca,$eauthor.
=245  14$aThe magic garment :$bprinciples of costume design /$cRebecca Cunningham, professor emerita, Brooklyn College.
=246  30$aPrinciples of costume design
=250  \\$aThird edition.
=264  \1$aLong Grove, Illinois :$bWaveland Press, Inc.,$c2019
=264  \4$c©2020
=300  \\$axvi, 445 pages, 24 unnumbered pages of plates :$billustrations (some color) ;$c25 cm
=336  \\$atext$btxt$2rdacontent
=337  \\$aunmediated$bn$2rdamedia
=338  \\$avolume$bnc$2rdacarrier
=504  \\$aIncludes bibliographical references (pages 429-434) and index.
=505  0\$aUnderstanding stage costumes -- Understanding the play -- Doing research -- The designer's tools : the elements and principles of design -- Developing the costume -- Rendering the sketch -- Choosing fabrics -- Getting the show together -- Designing for film -- Preparing for a costume design career -- Appendix I : Historical research sources -- Appendix 2 : Historical costume outline.
=520  \\$a"Successful costume design requires a solid foundation in general artistic principles and specific knowledge of how to apply those principles. Cunningham presents readers with just such a foundation and develops it to expose beginning costume designers to the myriad skills they need to develop in order to costume successful stage productions. She begins at the most basic conceptual level reading plays from a costume designer's perspective. She then follows through with the practical considerations that must be considered at every stage of the costuming process research, development, sketching, and costume construction. Cunningham has built on the long-standing success of the outstanding first edition with new figures and updates throughout the text, including 24 pages in full color. Examples have been selected from a wide range of stage productions representing a variety of designers, styles, and approaches. Interviews with award-winning designers from stage, film, and other media show the practical importance of the book's concepts. Every chapter incorporates material reflecting the ever-increasing impact of technology, especially computers, on costuming. New to this edition is an ancillary download package, giving students a selection of basic figure drawings to serve as the base layer for digital renderings, ready-made forms and checklists for assembling and organizing costumes for shows, and a list of research and reference websites with easily clickable links." -- Amazon
=650  \0$aCostume design.
=650  \0$aCostume.
=650  \0$aTheater$xProduction and direction.
=650  \6$aCostume (Arts décoratifs)$xCréation.
=650  \6$aThéâtre$xProduction et mise en scène.
=650  \7$acostume design.$2aat
=650  \7$aCostume.$2fast$0(OCoLC)fst00880759
=650  \7$aCostume design.$2fast$0(OCoLC)fst00880794
=650  \7$aTheater$xProduction and direction.$2fast$0(OCoLC)fst01149278
=650  \7$aCostume design.$2nli
=650  \7$aCostume.$2nli
=650  \7$aTheater$xProduction and direction.$2nli
=949  \\$aFTaSU$bFSULC$cGEN$9LOCAL
=980  \\$a20230425$b71.95$d672772$e71.95$f99992096998$9LOCAL
=981  \\$bFTZHPTL$9LOCAL
=993  \\$9LOCAL

