=LDR  02624cam a2200565 i 4500
=001  on1265456421
=003  OCoLC
=005  20221214142443.2
=008  210828t20222022enk\\\\\\\\\\\001\0\eng\c
=024  8\$a17615335
=035  \\$a99993123975
=040  \\$aYDX$beng$erda$cYDX$dNDD$dIND$dOCLCF$dXII$dNVS$dUBY$dMNG
=020  \\$a9780192846143$q(pack)
=020  \\$a0192846140$q(pack)
=020  \\$a9780199239702$q(vol 1)
=020  \\$a0199239703$q(vol 1)
=020  \\$a9780192846129$q(vol 2)
=020  \\$a0192846124$q(vol 2)
=020  \\$a9780192846136$q(vol 3)
=020  \\$a0192846132$q(vol 3)
=035  \\$a(OCoLC)1265456421
=041  1\$aeng$hheb
=042  \\$apcc
=049  \\$aFSSG$l31254802704870$vv.1$l31254802704938$vv.2$l31254802704995$vv.3
=050  \4$aBM497.5.E5$bO946 2022
=130  0\$aMishnah.$lEnglish$s(Cohen, Goldenberg and Lapin)
=245  14$aThe Oxford annotated Mishnah :$ba new translation of the Mishnah with introductions and notes /$cedited by Shaye J.D. Cohen, Robert Goldenberg, Hayim Lapin.
=246  3\$aOxford Mishnah
=250  \\$aFirst edition.
=264  \1$aOxford :$bOxford University Press,$c2022.
=264  \4$c©2022
=300  \\$a3 volumes ;$c26 cm
=336  \\$atext$btxt$2rdacontent
=337  \\$aunmediated$bn$2rdamedia
=338  \\$avolume$bnc$2rdacarrier
=500  \\$aThird volume includes index.
=520  \\$a"The Mishnah is the foundational document of rabbinic law and, one could say, of rabbinic Judaism itself. It is overwhelmingly technical and focused on matters of practice, custom, and law. The Oxford Annotated Mishnah is the first annotated translation of this work, making the text accessible to all.  With explanations of all technical terms and expressions, The Oxford Annotated Mishnah brings together an expert group of translators and annotators to assemble a version of the Mishnah that requires no specialist knowledge."
=505  00$gVolume I.$tIntroduction --$tThe Mishnah :$tOrder of Zera'im --$tOrder of Mo'ed --$gVolume II.$tOrder of Nashim --$tOrder of Neziqin --$gVolume III.$tOrder of Qodashim --$tOrder of Tohorot.
=630  00$aMishnah$vCommentaries.
=630  07$aMishnah.$2fast$0(OCoLC)fst01357191
=650  \0$aJewish law.
=655  \7$acommentaries.$2aat
=655  \7$aCommentaries.$2fast$0(OCoLC)fst01423723
=700  1\$aCohen, Shaye J. D.,$eeditor.
=700  1\$aGoldenberg, Robert,$eeditor.
=700  1\$aLapin, Hayim,$eeditor.
=949  \\$aFTaSU$bFSULC$cGEN$gdedwards$9LOCAL
=980  \\$a20230425$b645.00$d672772$e528.90$f99993123975$9LOCAL
=981  \\$bFARIRTL$9LOCAL
=993  \\$a1$a2$a3$9LOCAL

