=LDR  03454cam a2200541 i 4500
=001  on1342253965
=003  OCoLC
=005  20230403131603.6
=008  220812t20242024ilua\\\\\b\\\\001\0\eng\\
=010  \\$a  2022035867
=024  8\$a18187551
=035  \\$a99993218954
=040  \\$aDLC$beng$erda$cDLC$dOCLCF$dBDX$dUKMGB$dOSZ$dOCLCQ$dNYP
=020  \\$a9781718207868$q(Paperback)
=020  \\$a1718207867
=020  \\$z9781718207875$q(epub)
=020  \\$z9781718207882$q(pdf)
=035  \\$a(OCoLC)1342253965
=042  \\$apcc
=049  \\$aFSSG$l31254802705224
=050  00$aGV1782$b.K58 2023
=082  00$a792.8/2$223/eng/20220825
=100  1\$aKish, Robin,$eauthor.
=245  10$aProducing dance :$ba collaborative art /$cRobin Kish, Wilson Mendieta, Jennifer Backhaus, Marc Jordan Ameel, Samantha Waugh, Kerri Canedy, Todd Canedy.
=250  \\$aFirst edition.
=263  \\$a2302
=264  \1$aChampaign, IL :$bHuman Kinetics,$c[2024]
=264  \4$c©2024
=300  \\$a220 pages$bcolor illustrations ;$c28 cm
=336  \\$atext$btxt$2rdacontent
=337  \\$aunmediated$bn$2rdamedia
=338  \\$avolume$bnc$2rdacarrier
=520  \\$a"Producing Dance is a comprehensive toolbox to draw from while creating any type of dance production. Like other dance production texts, it covers the essential production components. However, this book provides an even deeper understanding by focusing on how these elements relate to each other and to the core vision of a project. It leads a creator sequentially through every layer of a dance production: from the initial vision, through the collaborative process, into the weeds of integrating the vision and process, and finally to the comprehensive sequence of what happens just before and during the actual performance. Along the way, it gives the reader a behind-the-scenes look at pitfalls and successes, and it provides firsthand knowledge from different production collaborators"--$cProvided by publisher.
=504  \\$aIncludes bibliographical references and index.
=505  0\$aPart 1. Vision: Balancing Artistic Content and Production Realities. Vision and Collaboration in Dance Performance -- Artistic Vision -- Logistical Considerations -- Getting Started -- Part 2. Process: Clarity Through Creation, Collaboration, and Conversations. Collaborators -- Creation in the Studio -- Creating With the Production Team: Stages, Scenery and Props, and Lighting -- Creating with the Production Team: Sound, Media, Costumes, and Makeup -- Part 3. Integration: Blending Vision and Process. Production Timeline -- Production Scope and Audience Experience -- Integrating Elements Onstage -- Part 4. Culmination: Performance and Beyond. Production Week -- Performance -- Postmortem.
=650  \0$aDance$xProduction and direction.
=650  \7$aDance$xProduction and direction.$2fast$0(OCoLC)fst00887441
=700  1\$aMendieta, Wilson,$d1973-$eauthor.
=700  1\$aBackhaus, Jennifer,$d1971-$eauthor.
=700  1\$aAmeel, Marc Jordan,$eauthor.
=700  1\$aWaugh, Samantha,$d1996-$eauthor.
=700  1\$aCanedy, Kerri,$d1975-$eauthor.
=700  1\$aCanedy, Todd,$eauthor.
=776  08$iOnline version:$aKish, Robin.$tProducing dance$bFirst Edition.$dChampaign, IL : Human Kinetics, [2023]$z9781718207875$w(DLC)  2022035868
=949  \\$aFTaSU$bFSULC$cGEN$9LOCAL
=980  \\$a20230425$b98.00$d672772$e80.36$f99993218954$9LOCAL
=981  \\$bFVCIRTL$9LOCAL
=993  \\$9LOCAL

