=LDR  05127cam a2200529 i 4500
=001  on1277276124
=003  OCoLC
=005  20230330101856.2
=008  220321s2022\\\\nyua\\\e\b\\\\000\0\eng\\
=010  \\$a  2022007293
=024  8\$a17676396
=035  \\$a99992989527
=040  \\$aDLC$beng$erda$cDLC$dOCLCO$dOCLCF$dJCX$dIK2$dGL4$dZHI$dGZD$dYDX$dRNL$dCIA
=019  \\$a1280044913$a1280106156$a1343158094
=020  \\$a9780593315774$qhardcover
=020  \\$a0593315774$qhardcover
=020  \\$z9780593315781$qelectronic book
=035  \\$a(OCoLC)1277276124$z(OCoLC)1280044913$z(OCoLC)1280106156$z(OCoLC)1343158094
=042  \\$apcc
=049  \\$aFSSG$l31254802705349
=050  00$aPN6727.S6$bZ73 2022
=082  00$a741.5/973$223/eng/20220404
=245  00$aMaus now :$bselected writing /$cedited by Hillary Chute.
=250  \\$aFirst edition.
=264  \1$aNew York :$bPantheon Books,$c[2022]
=300  \\$axxvi, 394 pages :$billustrations ;$c25 cm
=336  \\$atext$btxt$2rdacontent
=337  \\$aunmediated$bn$2rdamedia
=338  \\$avolume$bnc$2rdacarrier
=504  \\$aIncludes bibliographical references (pages 349-388).
=505  00$gIntroduction: Maus now /$rby Hillary Chute --$gContexts.$tBehind the masks (2003) /$rPhilip Pullman --$tOf mice and memory (1988) /$rJoshua Brown --$tCats, mice, and history: the avant-garde of the comic strip (1985) /$rKen Tucker --$tComics and catastrophe: Art Spiegelman's Maus and the history of the cartoon (1987) /$rAdam Gopnik --$tMauschwitz? Art Spiegelman's "A survivor's tale" (1989) /$rKurt Scheel --$t"The Holocaust in comics?" (1997 and 2021) /$rDorit Abusch --$tArt Spiegelman's Maus: graphic art and the Holocaust (1996 and 2020) /$rThomas Doherty --$tOf Maus and memory: the structure of Art Spiegelman's graphic novel of the Holocaust (1993) /$rStephen E. Tabachnick --$gProblems of representation.$tMy travels with Maus (1992-2020) /$rMarianne Hirsch --$tCartoons of the self: portrait of the artist as a young murderer--Art Spiegelman's Maus (1992) /$rNancy K. Miller --$t"We were talking Jewish": Art Spiegelman's Maus as "Holocaust" production (1994) /$rMichael Rothberg --$tThe language of survival: English as metaphor in Spiegelman's Maus (1995) /$rAlan Rosen --$tHolocaust laughter? (1988) /$rTerrence Des Pres --$tOf mice and mimesis: reading Spiegelman with Adorno (2003) /$rAndreas Huyssen --$gLegacy.$tMaking Maus (1991) /$rRobert Storr --$t"The shadow of a past time": history and graphic representation in Maus (2006) /$rHillary Chute --$tArt Spiegelman's genre-defying Holocaust work, revisited (2011) /$rRuth Franklin --$tSpiegelman, in Nobody's Land (2009) /$rPierre-Alban Delannoy --$tQ&A with Art Spiegelman, creator of Maus (2013) /$rDavid Samuels --$tEverything depends on images: reflections on language and image in Spiegelman's Maus (2018) /$rHans Kruschwitz --$tThe haus of Maus: art Spiegelman's twitchy irreverence (2014) /$rAlisa Solomon.
=520  \\$a"Richly illustrated with images from Art Spiegelman's work, Maus Now gathers together many of contemporary culture's leading critics, authors, and academics on the radical achievement and innovation of Maus more than forty years since its first publication. Pulitzer Prize-winning author Art Spiegelman is one of our most influential contemporary artists, and it is hard to overstate his effect on postwar American culture. Maus has shaped the fields of literature, history, and art, and enlivened our collective sense of what these practices can accomplish. Maus Now: Selected Writing collects responses to the work that confirm its unique and terrain-shifting status. Here, writers such as Philip Pullman, Robert Storr, Ruth Franklin, and others approach Maus from a wide range of viewpoints and traditions, inspired by the material's complexity. The book is organized into three very loosely chronological sections: "Contexts," "Problems of Representation," and "Legacy," and offers translations of important French, Hebrew, and German essays on Maus for the first time. Maus is revelatory, and generative, in profound and long-lasting ways. With this collection, American literary scholar (and expert on comics and graphic narratives) Hillary Chute assembles the best work around the globe exploring this classic graphic biography"--$cProvided by publisher.
=600  10$aSpiegelman, Art.$tMaus.
=600  10$aSpiegelman, Art$xInfluence.
=600  17$aSpiegelman, Art.$2fast$0(OCoLC)fst00172695
=650  \0$aGraphic novels$xHistory and criticism.
=650  \6$aRomans graphiques$xHistoire et critique.
=650  \7$aGraphic novels.$2fast$0(OCoLC)fst00946656
=650  \7$aInfluence (Literary, artistic, etc.)$2fast$0(OCoLC)fst00972484
=655  \7$aLiterary criticism.$2lcgft
=655  \7$aCriticism, interpretation, etc.$2fast$0(OCoLC)fst01411635
=700  1\$aChute, Hillary L.,$eeditor.
=776  08$iOnline version:$tMaus now$dNew York : Pantheon Books, 2022$z9780593315781$w(DLC)  2022007294
=949  \\$aFTaSU$bFSULC$cGEN$9LOCAL
=980  \\$a20230425$b28.00$d672772$e22.96$f99992989527$9LOCAL
=981  \\$bFAEIRTL$9LOCAL
=993  \\$9LOCAL

