=LDR  02190cam a2200457 i 4500
=001  on1319646474
=003  OCoLC
=005  20221110162214.1
=008  220524s2022\\\\nyu\\\\\\\\\\\000\d\eng\d
=024  8\$a17940688
=035  \\$a99993216701
=040  \\$aYDX$beng$erda$cYDX$dYDX
=020  \\$a0573709580$qpaperback
=020  \\$a9780573709586$qpaperback
=035  \\$a(OCoLC)1319646474
=043  \\$ae-uk---$ae-uk-st
=049  \\$aFSSG$l31254802704755
=050  \4$aPR6102.A765$bA613 2022
=082  04$a822/.92$223/eng/20221110
=100  1\$aBarlow, Patrick,$eauthor.
=245  14$aThe 39 steps, abridged /$cadapted by Patrick Barlow ; from the novel by John Buchan ; from the movie of Alfred Hitchcock, licensed by ITV Global Entertainment Limited ; and an original concept by Simon Corble and Nobby Dimon.
=246  3\$aThirty-nine steps, abridged
=264  \1$a[New York] :$bSamuel French,$c[2022]
=300  \\$a68 pages ;$c21 cm.
=336  \\$atext$btxt$2rdacontent
=337  \\$aunmediated$bn$2rdamedia
=338  \\$avolume$bnc$2rdacarrier
=490  1\$aSamuel French acting edition
=500  \\$aCast: 1 woman, 3 men.
=520  \\$aThe 39 Steps, Abridged is a 60-minute version of the hit whodunit, speeding along but never missing any of the comic brilliance and thrilling moments of the full-length play. The shorter version features the most loved and legendary scenes, including the chase on the Flying Scotsman, the escape on The Forth Bridge, the first theatrical bi-plane crash ever staged, and the death-defying (or nearly!) finale at the London Palladium! With four actors playing a minimum of 139 roles, it's an astonishing theatrical tour de force. --$cProvided by publisher.
=600  10$aHannay, Richard$c(Fictitious character)$vDrama.
=650  \0$aIntelligence service$zGreat Britain$vDrama.
=651  \0$aGalloway (Scotland)$vDrama.
=700  1\$aCorble, Simon.
=700  1\$aDimon, Nobby.
=700  1\$aBuchan, John,$d1875-1940.$tThirty-nine steps.
=830  \0$aSamuel French acting edition.
=949  \\$aFTaSU$bFSULC$cGEN$9LOCAL
=980  \\$a20230425$b9.95$d672772$e9.95$f99993216701$9LOCAL
=981  \\$bFTZHPTL$9LOCAL
=993  \\$9LOCAL

