=LDR  05050cam a2200445 i 4500
=001  on1348996795
=003  OCoLC
=005  20230403133658.7
=008  221011s2023\\\\sz\a\\\\\b\\\\001\0\eng\d
=024  8\$a18078588
=035  \\$a99993209905
=040  \\$aUKMGB$beng$erda$cUKMGB$dOCLCF$dYDX
=020  \\$a9783031166723$qhardcover
=020  \\$a3031166728$qhardcover
=020  \\$z9783031166730$qelectronic book
=035  \\$a(OCoLC)1348996795
=049  \\$aFSSG$l31254802705273
=050  \4$aGN419.5$b.M37 2023
=082  04$a391.4/34$223
=245  00$aMasks and human connections :$bdisruptive meanings and cultural challenges /$cedited by Luísa Magalhães, Cândido Oliveira Martins.
=264  \1$aCham :$bPalgrave Macmillan, an imprint of Springer Nature Switzerland AG,$c[2023]
=300  \\$axv, 355 pages :$billustrations ;$c22 cm
=336  \\$atext$btxt$2rdacontent
=337  \\$aunmediated$bn$2rdamedia
=338  \\$avolume$bnc$2rdacarrier
=504  \\$aIncludes bibliographical references and index.
=520  \\$aThis interdisciplinary collection explores four distinct perspectives about the mask, as object of use for protection, identity, and disguise. In part I, contributors address human identities within collective social performance, with chapters on performativity and the far right and masked identities in political resistance and communication. Part II focuses on the mask as a signifying object with strong representational challenges, exploring representations in festivals, literature, and film. Part III investigates the ambiguous use of the mask as a protective and concealing element, delving into visual culture and digital social media contexts. Finally, Part VI draws on the work of Levinas and Deleuze to investigate a philosophical view of the mask that addresses memory and ethics within intersubjective relationships. Questioning the contemporary world, using communication, sociology, visual culture, and philosophical theory, the volume provides a pedagogical and formative perspective on the mask. Luisa Magalhaes is Assistant Professor at the Catholic University of Portugal, and editor of 'Toys and Communication' (2018). Candido Oliveira Martins is Associate Professor at the Catholic University of Portugal.
=505  0\$aPart I Masks and Human Identities Within Collective Social Performances -- Chapter 1. Masks and Human Connections : An Introduction -- Chapter 2. Unmasking the Protester : Deciphering the Collective Disguise of Masked Identities in Political Resistance and Communication -- Chapter 3. Masked Belles and Beasts : Uncovering Toys as Extensions, Avatars and Activists in Human Identity Play -- Chapter 4. (M)asking for a Return : Social Hypocrisy and Social Engineering -- Chapter 5. Narrative Masking of Social Performance in Education -- Chapter 6. A Game of Masks : The Communicative Performance of the Portuguese Populist Far-Right -- Part II The Signifying Mask : Ethnographic Meanings and Representation Challenges -- Chapter 7. The Semiotics of the Mask : To Reveal by Concealing and Conceal by Revealing -- Chapter 8. Masks and the Masked Ones: Performance, Interaction and Hybridity -- Chapter 9. Sissy Masks: Effeminate Freak Show and Theatrical Faggotry in Pretending-to-Be-Gay Films -- Chapter 10. From Masking Pandemic Times to Identity Challenges : Representations in Current Literature -- Chapter 11. Masks and Masquerades in Amazigh Morocco -- Part III The Ambiguity of Masks Use in Visual Culture, Digital Contexts and Social Interaction -- Chapter 12. How to Build, Rebuild or Destruct Identity Through Face Masks in Visual Culture -- Chapter 13. From Invisibility to Ethnic Humor on Social Networks : The Long Emancipation of the Portuguese in France -- Chapter 14. The Ambiguity of Masks as Transformative Conveyors of Meaning : Protection, Disguise, and Interactive Performance -- Chapter 15. The Digital Mask on Social Media : The Tyranny of Beauty Filters Among Digital Natives -- Part IV Shaping Intersubjective Relationships : Ethics, Reason and Memory -- Chapter 16. Levinas and the Impact of Mask Wearing on Intersubjective Relationships -- Chapter 17. Ethics and Politics of Masking and Unmasking : Contrasting Levinas and Deleuzes Takes on the Face -- Chapter 18. Mask as a Means of Shaping Intellectual Identity -- Chapter 19. The Face and the Masks : (Mis)representations of Memory -- Chapter 20. Face Mask : Implications for Individual-Society Relationship./.
=650  \0$aMasks$xSocial aspects.
=650  \0$aMasks$xPhilosophy.
=650  \0$aInterpersonal relations.
=650  \7$aInterpersonal relations.$2fast$0(OCoLC)fst00977397
=650  \7$aMasks$xSocial aspects.$2fast$0(OCoLC)fst01011090
=700  1\$aMagalhães, Luísa,$eeditor.$1https://isni.org/isni/0000000486579243
=700  1\$aMartins, Cândido Oliveira,$eeditor.
=776  08$iebook version :$z9783031166730
=949  \\$aFTaSU$bFSULC$cGEN$9LOCAL
=980  \\$a20230425$b159.99$d672770$e131.19$f99993209905$9LOCAL
=981  \\$bFAAIRTL$9LOCAL
=993  \\$9LOCAL

