=LDR  01544cam a2200457 i 4500
=001  on1085554887
=003  OCoLC
=005  20190228031444.3
=008  180913t20192019sz\a\\\\\b\\\\001\0\eng\d
=024  8\$a15593337
=035  \\$a99993028765
=040  \\$aSTF$beng$erda$cSTF$dOCLCO$dEYM
=020  \\$a9783319986388$qhardcover
=020  \\$a3319986384$qhardcover
=020  \\$z9783319986395$qelectronic book
=035  \\$a(OCoLC)1085554887
=043  \\$ae-uk-st
=049  \\$aFSSG$l31254802704680
=050  \4$aPN2604$b.B765 2019
=082  04$a792.09411$223
=100  1\$aBrown, Mark,$d1971-$eauthor.
=245  10$aModernism and Scottish theatre since 1969 :$ba revolution on stage /$cMark Brown.
=264  \1$aCham, Switzerland :$bPalgrave Macmillan,$c[2019]
=264  \4$c©2019
=300  \\$axvii, 254 pages :$billustrations ;$c22 cm
=336  \\$atext$2rdacontent
=336  \\$astill image$2rdacontent
=337  \\$aunmediated$2rdamedia
=338  \\$avolume$2rdacarrier
=504  \\$aIncludes bibliographical references and index.
=650  \0$aTheater$zScotland$xHistory.
=650  \0$aModernism (Aesthetics)
=650  \7$aModernism (Aesthetics)$2fast$0(OCoLC)fst01024439
=650  \7$aTheater.$2fast$0(OCoLC)fst01149217
=651  \7$aScotland.$2fast$0(OCoLC)fst01206715
=655  \7$aHistory.$2fast$0(OCoLC)fst01411628
=776  08$iebook version :$z9783319986395
=949  \\$aFTaSU$bFSULC$cGEN$9LOCAL
=980  \\$a20230425$b99.99$d672770$e81.99$f99993028765$9LOCAL
=981  \\$bFTZIRTL$9LOCAL
=993  \\$9LOCAL

