=LDR  03536cam a2200565 i 4500
=001  on1294289036
=003  OCoLC
=005  20221109104200.4
=008  220613s2022\\\\nyuab\\\\b\\\\001\0\eng\\
=010  \\$a  2022027148
=024  8\$a17803894
=035  \\$a99992947672
=040  \\$aDLC$beng$erda$cDLC$dOCLCF$dOCO$dUKMGB$dON8$dGO6$dOQX$dYDX
=019  \\$a1293933290$a1294124363$a1294138167$a1294216408
=020  \\$a9781631493928$qhardcover
=020  \\$a1631493922$qhardcover
=020  \\$z9781631493935$qelectronic book
=035  \\$a(OCoLC)1294289036$z(OCoLC)1293933290$z(OCoLC)1294124363$z(OCoLC)1294138167$z(OCoLC)1294216408
=042  \\$apcc
=043  \\$ae-fr---
=049  \\$aFSSG$l31254802705331
=050  00$aNA5543$b.B57 2022
=082  00$a726.60944/36$223/eng/20220720
=100  1\$aBloch, R. Howard,$eauthor.
=245  10$aParis and her cathedrals /$cR. Howard Bloch.
=250  \\$aFirst edition.
=264  \1$aNew York, NY :$bLiveright Publishing Corporation, a division of W.W. Norton & Company, Inc.,$c[2022]
=300  \\$axviii, 342 pages :$billustrations, maps ;$c25 cm
=336  \\$atext$btxt$2rdacontent
=336  \\$astill image$bsti$2rdacontent
=337  \\$aunmediated$bn$2rdamedia
=338  \\$avolume$bnc$2rdacarrier
=520  \\$a"For history readers, travelers, and scholars alike, an indispensable behind-the-scenes guide to the great cathedrals of Paris from one of our leading scholars. Eminent French literature professor R. Howard Bloch has become renowned for his insider tours of Paris, given to college students abroad. Long sought after for his encyclopedic knowledge of French cathedrals, Bloch has at last decided to share his intimate knowledge with a wider audience. Here, six cathedrals-Saint-Denis, Chartres, Sainte-Chapelle, Reims, Amiens, and Notre-Dame-are illumined in magnificent detail as Bloch, taking us from the High Middle Ages to the devastating fire that set Notre-Dame ablaze in 2019, traces the evolution of each in turn. Contextualizing the cathedrals within the annals of French history, Bloch animates the past with lush evocations of architectural splendor-high-flying buttresses and jewel-encrusted shrines, hidden burial grounds and secret chambers-and thrilling tales of kingly intrigue, audacious architects, and the meeting of aristocratic and everyday life. Complete with the author's own photographs, Paris and Her Cathedrals vitally enhances our understanding of the history of Paris and its environs"--$cProvided by publisher.
=504  \\$aIncludes bibliographical references and index.
=505  00$tSaint-Denis : the first cathedral --$tNotre-Dame : the cathedral of Paris --$tChartres : the queen of cathedrals --$tSainte-Chapelle : the king's chapel --$tAmiens : the Parthenon of cathedrals --$tReims : the cathedral of France.
=650  \0$aCathedrals$zFrance.
=650  \0$aCathedrals$zFrance$zParis.
=650  \0$aArchitecture, Gothic$zFrance.
=650  \0$aArchitecture, Gothic$zFrance$zParis.
=651  \0$aParis (France)$xBuildings, structures, etc.
=650  \7$aArchitecture, Gothic.$2fast$0(OCoLC)fst00813758
=650  \7$aBuildings.$2fast$0(OCoLC)fst00840962
=650  \7$aCathedrals.$2fast$0(OCoLC)fst00849073
=651  \7$aFrance.$2fast$0(OCoLC)fst01204289
=651  \7$aFrance$zParis.$2fast$0(OCoLC)fst01205283
=776  08$iebook version :$z9781631493935
=949  \\$aFTaSU$bFSULC$cGEN$9LOCAL
=980  \\$a20230425$b32.50$d672770$e26.65$f99992947672$9LOCAL
=981  \\$bFVHIRTL$9LOCAL
=993  \\$9LOCAL

