=LDR  02536cam a2200565 i 4500
=001  on1330688922
=003  OCoLC
=005  20230225110217.2
=008  220623t20232023enka\\\\\b\\\\001\0\eng\\
=010  \\$a  2022022231
=024  8\$a18008741
=035  \\$a99993418088
=040  \\$aDLC$beng$erda$cDLC$dOCLCF$dUKMGB$dCDX$dYDX
=020  \\$a9781350343887$qhardcover
=020  \\$a1350343889$qhardcover
=020  \\$a9781350343870$qpaperback
=020  \\$a1350343870$qpaperback
=020  \\$z9781350343894$qelectronic publication
=020  \\$z9781350343900$qelectronic book
=020  \\$z9781350345348$qelectronic book
=035  \\$a(OCoLC)1330688922
=042  \\$apcc
=049  \\$aFSSG$l31254802705216
=050  00$aJF1525.A8$bM438 2023
=082  00$a352.3/802854678$223/eng/20220815
=100  1\$aMeijer, Albert,$eauthor.
=245  10$aPublic management in an information age :$btowards strategic public information management /$cAlbert Meijer, Alex Ingrams and Stavros Zouridis.
=264  \1$aLondon ;$aNew York :$bBloomsbury Academic,$c2023.
=264  \4$c©2023
=300  \\$axvi, 227 pages :$billustrations (black and white) ;$c24 cm.
=336  \\$atext$btxt$2rdacontent
=337  \\$aunmediated$bn$2rdamedia
=338  \\$avolume$bnc$2rdacarrier
=490  1\$aThe public management and leadership series
=504  \\$aIncludes bibliographical references (pages 210-225) and index.
=520  \\$a"This accessible new text, aimed specifically at those studying and working in public management, offers readers a solid understanding of ICTs and their implications for public management. It offers aspiring and current public managers a framework for the development of strategic public information management across the full range of public organizations"--$cProvided by publisher.
=650  \0$aPublic administration$xTechnological innovations.
=650  \0$aInternet in public administration.
=650  \0$aKnowledge management.
=650  \7$aInternet in public administration.$2fast$0(OCoLC)fst00977260
=650  \7$aKnowledge management.$2fast$0(OCoLC)fst00988184
=650  \7$aPublic administration$xTechnological innovations.$2fast$0(OCoLC)fst01082048
=700  1\$aIngrams, Alex,$eauthor.
=700  1\$aZouridis, Stavros,$eauthor.
=776  08$iebook version :$z9781350343894
=830  \0$aPublic management and leadership series.
=949  \\$aFTaSU$bFSULC$cGEN$9LOCAL
=980  \\$a20230425$b160.00$d672770$e131.20$f99993418088$9LOCAL
=981  \\$bFPAIRTL$9LOCAL
=993  \\$9LOCAL

