=LDR  02158cam a2200505 i 4500
=001  on1243058045
=003  OCoLC
=005  20221007135959.7
=008  210324s2020\\\\nyu\\\\\\\\\\\000\d\eng\d
=024  8\$a17301756
=035  \\$a99993290146
=040  \\$aYDX$beng$erda$cYDX$dCOV$dOCLCO$dOCLCF$dOCLCQ
=020  \\$a0573708800$qpaperback
=020  \\$a9780573708800$qpaperback
=035  \\$a(OCoLC)1243058045
=049  \\$aFSSG$l31254802703856
=050  \4$aPS3562.U295$bD42 2020
=082  04$a812/.54$223/eng/20221007
=100  1\$aLudwig, Ken,$eauthor.
=245  10$aKen Ludwig's Dear Jack, Dear Louise /$cKen Ludwig.
=246  3\$aDear Jack, Dear Louise
=264  \1$aNew York, NY :$bSamuel French,$c[2020]
=300  \\$a51 pages ;$c21 cm.
=336  \\$atext$btxt$2rdacontent
=337  \\$aunmediated$bn$2rdamedia
=338  \\$avolume$bnc$2rdacarrier
=490  1\$aSamuel French acting edition
=500  \\$aCast 1 woman, 1 man.
=500  \\$aIncludes production and music notes by author.
=520  \\$aU.S. Army Captain Jack Ludwig, a military doctor stationed in Oregon, begins writing to Louise Rabiner, an aspiring actress and dancer in New York City, hoping to meet her someday if the war will allow. But as the war continues, it hreatens to end their relationship before it even starts. --page 4 of cover.
=500  \\$a"Dear Jack, Dear Louise was first produced by Arena Stage in Washington, DC, on November 21, 2019"--Page iv
=586  \\$aHelen Hayes Awards, The Charles MacArthur Award for Best New Play or Musical of the Year, 2020
=650  \0$aMan-woman relationships$vDrama.
=650  \0$aLetter writing$vDrama.
=650  \0$aWorld War, 1939-1945$vDrama.
=650  \7$aLetter writing.$2fast$0(OCoLC)fst00996699
=650  \7$aMan-woman relationships.$2fast$0(OCoLC)fst01007080
=647  \7$aWorld War$d(1939-1945)$2fast$0(OCoLC)fst01180924
=648  \7$a1939-1945$2fast
=655  \7$aDrama.$2fast$0(OCoLC)fst01423879
=830  \0$aSamuel French acting edition.
=949  \\$aFTaSU$bFSULC$cGEN$9LOCAL
=980  \\$a20230425$b9.95$d672769$e9.95$f99993290146$9LOCAL
=981  \\$bFTZIRTL$9LOCAL
=993  \\$9LOCAL

