=LDR  04545cam a2200613 i 4500
=001  on1345021395
=003  OCoLC
=005  20230329093639.2
=008  220831s2023\\\\nyu\\\\\\b\\\\001\0ceng\\
=010  \\$a  2022040833
=024  8\$a17781941
=035  \\$a99993101962
=040  \\$aDLC$beng$erda$cDLC$dOCLCF$dBDX$dUAP$dVP@$dIH9$dYDX
=019  \\$a1369576605
=020  \\$a9780358653332$qhardcover
=020  \\$a0358653339$qhardcover
=020  \\$z9780358653318$qelectronic book
=035  \\$a(OCoLC)1345021395$z(OCoLC)1369576605
=042  \\$apcc
=043  \\$an-us---
=049  \\$aFSSG$l31254802705083
=050  00$aGV1788.6.S36$bR63 2023
=082  00$a792.8/0973$223/eng/20220917
=100  1\$aRobb, Alice,$eauthor.
=245  10$aDon't think, dear :$bon loving & leaving ballet /$cAlice Robb.
=246  3\$aDo not think, dear
=250  \\$aFirst edition.
=264  \1$aNew York, NY :$bMariner Books, an imprint of HarperCollins Publishers,$c[2023]
=300  \\$a293 pages ;$c24 cm
=336  \\$atext$btxt$2rdacontent
=337  \\$aunmediated$bn$2rdamedia
=338  \\$avolume$bnc$2rdacarrier
=504  \\$aIncludes bibliographical references and index.
=505  0\$aIntroduction -- Mr. B -- A very extreme sense of escape and control -- Little rats -- Brought up to turn off -- Just try to look nice, dear -- Crown of thorns -- They make you feel like an hourglass -- Brains in their toes -- Reverence.
=520  \\$a"An incisive exploration of ballet's role in the modern world, told through the experience of the author and her classmates at the most elite ballet school in the country: the School of American Ballet. Ballet is an art full of hyper-feminine trappings, but beneath the ornate costumes and exaggerated stage makeup, traits like thinness, stoicism, and submission are valued above all else. Journalist Alice Robb spent years immersed in that universe as a child, but as an adult, she couldn't shake the feeling that the same laws that governed the dance world still applied in the regular one. Certain bodies hold more value than others, and men oftentimes hold the most power of all. Pain is best left concealed, along with sexuality, in all of its messiness. Obedience and conformity are rewarded, while standing out comes at a cost. Profound, nuanced, and obsessively researched, Don't Think, Dear, is Robb's excavation of her adolescent years as a dancer, and an exploration of how those days informed her life for years to come. As she grapples with the pressure she faced as a student at the storied School of American Ballet, she explores the fates of her former classmates as well. From sweet and shy Emily--whose body was deemed "thin enough" only when she was too ill to eat--to the precocious and talented Meiying--who despite her success, had to contend with the fact that she was the only Vietnamese-American in the school. Altogether, their stories are ones of heartbreak and resilience, of reinvention and regret. Along the way, Robb weaves in the myths of famous ballerinas past and present, from the groundbreaking Misty Copeland, to the controversial George Balanchine. Ballet does not exist in a vacuum, it is a laboratory of womanhood, a test-tube world in which traditional femininity is exaggerated. By exploring the psyche of a dancer, Don't Think, Dear grapples with the contradictions and challenges of being a woman today. It's also a story about chasing your dreams, however complicated, and learning when to let them go"--$cProvided by publisher.
=610  20$aSchool of American Ballet$xHistory.
=650  \0$aBallerinas$zUnited States$vBiography.
=600  10$aRobb, Alice.
=650  \0$aBallerinas$zUnited States$xSocial conditions.
=650  \0$aBallet$zUnited States$xHistory.
=610  27$aSchool of American Ballet.$2fast$0(OCoLC)fst00599061
=650  \7$aBallerinas.$2fast$0(OCoLC)fst00826015
=650  \7$aBallerinas$xSocial conditions.$2fast$0(OCoLC)fst01982430
=650  \7$aBallet.$2fast$0(OCoLC)fst00826017
=651  \7$aUnited States.$2fast$0(OCoLC)fst01204155
=655  \7$aBiographies.$2fast$0(OCoLC)fst01919896
=655  \7$aHistory.$2fast$0(OCoLC)fst01411628
=655  \7$aAutobiographies.$2lcgft
=655  \7$aBiographies.$2lcgft
=776  08$iOnline version:$aRobb, Alice.$bFirst edition$tDon't think, dear$dNew York : Mariner Books, [2023]$z9780358653318$w(DLC)  2022040834
=949  \\$aFTaSU$bFSULC$cGEN$9LOCAL
=980  \\$a20230425$b29.99$d672769$e24.59$f99993101962$9LOCAL
=981  \\$bFVCIRTL$9LOCAL
=993  \\$9LOCAL

