=LDR  02195cam a2200493 i 4500
=001  on1200039074
=003  OCoLC
=005  20201223142340.6
=008  201005s2021\\\\paua\\\\\b\\\\001\0\eng\\
=010  \\$a  2020044202
=024  8\$a17118136
=035  \\$a99993102019
=040  \\$aDLC$beng$erda$cDLC$dOCLCO$dOCLCF$dYDX
=020  \\$a9781799874263$qhardcover
=020  \\$a1799874265$qhardcover
=020  \\$a9781799874294$qpaperback
=020  \\$a179987429X$qpaperback
=020  \\$z9781799874270$qelectronic book
=035  \\$a(OCoLC)1200039074
=042  \\$apcc
=049  \\$aFSSG$l31254802703559
=050  00$aN430$b.E54 2021
=082  00$a708$223
=245  00$aEngaging communities through civic engagement in art museum education /$cBryna Bobick, Carissa DiCindio, [editors].
=264  \1$aHershey, PA :$bInformation Science Reference, IGI Global,$c[2021]
=300  \\$axxii, 350 pages :$billustrations ;$c29 cm.
=336  \\$atext$btxt$2rdacontent
=337  \\$aunmediated$bn$2rdamedia
=338  \\$avolume$bnc$2rdacarrier
=490  1\$aAdvances in media, entertainment, and the arts (AMEA) book series
=504  \\$aIncludes bibliographical references and index.
=520  \\$a"This book features a broad range of museum education experiences that will appeal to a wide audience and will demonstrate the wide-reaching benefits of including these experiences into art education courses"--$cProvided by publisher.
=650  \0$aArt museums$xEducational aspects.
=650  \0$aMuseum outreach programs.
=650  \7$aArt museums$xEducational aspects.$2fast$0(OCoLC)fst00815640
=650  \7$aMuseum outreach programs.$2fast$0(OCoLC)fst01748234
=700  1\$aBobick, Bryna,$d1974-$eeditor.
=700  1\$aDiCindio, Carissa,$d1977-$eeditor.
=776  08$iOnline version:$tEngaging communities through civic engagement in art museum education$dHershey, PA : Information Science Reference, [2021]$z9781799874270$w(DLC)  2020044203
=830  \0$aAdvances in media, entertainment, and the arts (AMEA) book series.
=949  \\$aFTaSU$bFSULC$cGEN$9LOCAL
=980  \\$a20230425$b150.00$d672769$e123.00$f99993102019$9LOCAL
=981  \\$bFVEIRTL$9LOCAL
=993  \\$9LOCAL

