=LDR  02708cam a2200577 i 4500
=001  on1293450324
=003  OCoLC
=005  20220613104150.0
=008  211216s2022\\\\mdu\\\\\\b\\\\001\0\eng\\
=010  \\$a  2021055966
=024  8\$a17757431
=035  \\$a99993171923
=040  \\$aDLC$beng$erda$cDLC$dOCLCO$dOCLCF$dOCLCO$dYDX
=019  \\$a1293455427
=020  \\$a9781538159088$qhardcover
=020  \\$a1538159082$qhardcover
=020  \\$z9781538159095$qelectronic book
=035  \\$a(OCoLC)1293450324$z(OCoLC)1293455427
=042  \\$apcc
=049  \\$aFSSG$l31254802705265
=050  00$aJZ5578$b.T76 2022
=082  00$a303.6/6082$223/eng/20220124
=100  1\$aTrojanowska, Barbara K.,$eauthor.
=245  10$aFinding gender equality in the women, peace, and security agenda :$bfrom global promises to national accountability /$cby Barbara K. Trojanowska ; foreword by Cynthia Enloe.
=264  \1$aLanham :$bRowman & Littlefield,$c[2022]
=300  \\$axiv, 159 pages ;$c24 cm.
=336  \\$atext$btxt$2rdacontent
=337  \\$aunmediated$bn$2rdamedia
=338  \\$avolume$bnc$2rdacarrier
=490  1\$aFeminist studies on peace, justice, and violence
=504  \\$aIncludes bibliographical references and index.
=520  \\$a"This book explores the trajectory of gender equality in institutions' engagement with the Women, Peace, and Security agenda at the intersection of global, regional, and national governance, shedding light on opportunities and challenges for a meaningful change in peace and security"--$cProvided by publisher.
=650  \0$aWomen in peace-building.
=650  \0$aWomen and peace.
=650  \0$aWomen$xViolence against.
=650  \0$aSex discrimination against women.
=650  \0$aSecurity, International.
=650  \6$aFemmes et paix.$0(CaQQLa)201-0090111
=650  \6$aFemmes$xViolence envers.$0(CaQQLa)201-0029500
=650  \6$aDiscrimination à l'égard des femmes.$0(CaQQLa)201-0022287
=650  \7$aSecurity, International.$2fast$0(OCoLC)fst01110895
=650  \7$aSex discrimination against women.$2fast$0(OCoLC)fst01114376
=650  \7$aWomen and peace.$2fast$0(OCoLC)fst01177101
=650  \7$aWomen in peace-building.$2fast$0(OCoLC)fst02023122
=650  \7$aWomen$xViolence against.$2fast$0(OCoLC)fst01427006
=776  08$iOnline version:$aTrojanowska, Barbara K.$tSearching for gender equality in the women, peace, and security agenda$dLanham : Rowman & Littlefield, [2022]$z9781538159095$w(DLC)  2021055967
=830  \0$aFeminist studies on peace, justice and violence.
=949  \\$aFTaSU$bFSULC$cGEN$9LOCAL
=980  \\$a20230425$b105.00$d672769$e86.10$f99993171923$9LOCAL
=981  \\$bFPPIRTL$9LOCAL
=993  \\$9LOCAL

