=LDR  02057cam a2200469 i 4500
=001  on1314430129
=003  OCoLC
=005  20230330001927.4
=008  220507t20222022nyu\\\\\\\\\\\000\d\eng\d
=024  8\$a17926723
=035  \\$a99993290150
=040  \\$aYDX$beng$erda$cYDX$dISM$dOCLCF$dCLE$dPIT$dCDX$dVGM
=019  \\$a1314257028$a1322191838
=020  \\$a0573708606
=020  \\$a9780573708602
=035  \\$a(OCoLC)1314430129$z(OCoLC)1314257028$z(OCoLC)1322191838
=043  \\$an-us-mi
=049  \\$aFSSG$l31254802704722
=050  \4$aPS3613.O7543$bF65 2022
=082  04$a812/.6$223
=100  1\$aMorisseau, Dominique,$eauthor.
=245  10$aFollow me to Nellie's /$cby Dominique Morisseau.
=264  \1$a[New York] :$bSamuel French,$c[2022]
=264  \4$c©2022
=300  \\$a111 pages ;$c21 cm.
=336  \\$atext$btxt$2rdacontent
=337  \\$aunmediated$bn$2rdamedia
=338  \\$avolume$bnc$2rdacarrier
=490  1\$aActing edition
=500  \\$aCast: 5 women, 3 men.
=520  \\$a"Follow Me to Nellie's takes place in the home of the infamous Nellie Jackson's, where a hopeless blues singer is looking for a way out, a brave freedom fighter is looking for a way in, and a house of downtrodden women are looking for a new day. In 1955 Mississippi, during the reign of segregation, the price of attaining their dreams may cost them everything. Dominique Morisseau's play takes a harrowing look at those who risked everything so that all Americans could be afforded the opportunity to vote."--Back cover
=650  \0$aAfrican Americans$zMississippi$zNatchez$vDrama.
=650  \7$aAfrican Americans.$2fast$0(OCoLC)fst00799558
=651  \7$aMississippi$zNatchez.$2fast$0(OCoLC)fst01204961
=655  \7$aDrama.$2fast$0(OCoLC)fst01423879
=655  \7$aHistorical drama.$2fast$0(OCoLC)fst01726464
=655  \7$aHistorical drama.$2lcgft
=830  \0$aSamuel French acting edition.
=949  \\$aFTaSU$bFSULC$cGEN$9LOCAL
=980  \\$a20230425$b9.95$d672769$e9.95$f99993290150$9LOCAL
=981  \\$bFTZIRTL$9LOCAL
=993  \\$9LOCAL

