=LDR  02040cam a2200469 i 4500
=001  on1349965979
=003  OCoLC
=005  20221208144726.0
=008  221103t20222022ilu\\\\\\\\\\\000\d\eng\d
=024  8\$a18199807
=035  \\$a99993290151
=040  \\$aYDX$beng$erda$cYDX$dTKN
=020  \\$a1619592851$qpaperback
=020  \\$a9781619592858$qpaperback
=035  \\$a(OCoLC)1349965979
=049  \\$aFSSG$l31254802703385
=050  \4$aPS3554.I385$bG46 2022
=100  1\$aDietz, Steven,$eauthor.
=245  10$aGhost of Splinter Cove /$cby Steven Dietz.
=264  \1$aWoodstock, Illinois :$bDramatic Publishing Company,$c[2022]
=264  \4$c©2022
=300  \\$a68 pages ;$c19 cm
=336  \\$atext$btxt$2rdacontent
=337  \\$aunmediated$bn$2rdamedia
=338  \\$avolume$bnc$2rdacarrier
=500  \\$aComedy/Drama.
=500  \\$aCast: 4m., 2w.; approximate running time: 60 minutes.
=500  \\$a"Code: GF3000"-- Back cover.
=520  \\$a"The Ghost of Splinter Cove is an adventure story prompted by the imaginations of three young people left to play in their basement on a rainy day. Siblings Cora and Nate and their friend, Sydney, have a lot of questions about what their parents are doing upstairs. When their adventure game becomes more real than they imagined, they unearth a history of their family that they could never have known. The Ghost of Splinter Cove is a fun, lively and moving play for the courageous young person inside all of us. This play is a companion piece to The Great Beyond."--$cProvided by publisher.
=650  \0$aSiblings$vDrama.
=650  \0$aYouth$vDrama.
=650  \0$aImagination$vDrama.
=650  \0$aBasements$vDrama.
=650  \0$aCamping$vDrama.
=650  \0$aImaginary companions$vDrama.
=650  \0$aGhost plays.
=650  \0$aWilderness areas$xRecreational use$xData processing$vDrama.
=655  \7$aDrama.$2lcgft
=949  \\$aFTaSU$bFSULC$cGEN$9LOCAL
=980  \\$a20230425$b10.95$d672769$e10.95$f99993290151$9LOCAL
=981  \\$bFTZIRTL$9LOCAL
=993  \\$9LOCAL

