=LDR  01639cam a2200457 i 4500
=001  on1348390417
=003  OCoLC
=005  20221102085618.8
=008  220926s2022\\\\ilua\\\\\bc\\\000\p\eng\d
=024  8\$a17901445
=035  \\$a99992947666
=040  \\$aUKMGB$beng$erda$cUKMGB$dYDX
=020  \\$a9781737760917$qpaperback
=020  \\$a1737760916$qpaperback
=035  \\$a(OCoLC)1348390417
=049  \\$aFSSG$l31254802704904
=050  \4$aNX512.F726$bA4 2022
=082  04$a700.92$223/eng/20221102
=082  04$a811.6$223
=245  00$aSolo(s) :$bKrista Franklin.
=246  30$aKrista Franklin
=264  \1$aChicago, IL :$bDePaul Art Museum,$c[2022]
=300  \\$a48 pages :$billustrations (colour) ;$c28 cm
=336  \\$atext$btxt$2rdacontent
=336  \\$astill image$bsti$2rdacontent
=337  \\$aunmediated$bn$2rdamedia
=338  \\$avolume$bnc$2rdacarrier
=500  \\$aTitle from cover.
=500  \\$aEdited and with an essay by Ionit Behar.
=500  \\$a"Published on the occasion of Solo(s) : Krista Franklin, organized by DePaul Art Museum ... September 8, 2022-February 19, 2023"--Colophon.
=504  \\$aIncludes bibliographical reference.
=600  10$aFranklin, Krista$vExhibitions.
=655  \7$aCollages.$2lcgft
=655  \7$aPoetry.$2lcgft
=700  1\$aFranklin, Krista,$eauthor,$eartist.$1https://isni.org/isni/0000000500106216.
=700  1\$aBehar, Ionit,$eeditor,$econtributor.
=710  2\$aDePaul Art Museum,$ehost institution,$epublisher.
=949  \\$aFTaSU$bFSULC$cGEN$9LOCAL
=980  \\$a20230425$b25.00$d672769$e20.50$f99992947666$9LOCAL
=981  \\$bFVHIRTL$9LOCAL
=993  \\$9LOCAL

