=LDR  01055cam a2200349Ii 4500
=001  on1313048048
=003  OCoLC
=005  20220622142040.1
=008  220428s2022\\\\ilu\\\\\\\\\\\000\d\eng\d
=024  8\$a17920180
=035  \\$a99993290152
=040  \\$aYDX$beng$erda$cYDX$dYDX
=020  \\$a161959269X$qpaperback
=020  \\$a9781619592698$qpaperback
=035  \\$a(OCoLC)1313048048
=043  \\$an-us---
=049  \\$aFSSG$l31254802703443
=050  \4$aPS3601.U8537$bG57 2022
=082  04$a812/.6$223/eng/20220622
=100  1\$aAusten, Alice,$eauthor.
=245  10$aGirls in the boat /$cby Alice Austen.
=264  \1$aWoodstock, Illinois :$bDramatic Publishing Company,$c[2022]
=300  \\$a72 pages ;$c19 cm
=336  \\$atext$btxt$2rdacontent
=337  \\$aunmediated$bn$2rdamedia
=338  \\$avolume$bnc$2rdacarrier
=500  \\$aA play.
=650  \0$aWomen rowers$zUnited States$vDrama.
=949  \\$aFTaSU$bFSULC$cGEN$9LOCAL
=980  \\$a20230425$b10.95$d672769$e10.95$f99993290152$9LOCAL
=981  \\$bFTZIRTL$9LOCAL
=993  \\$9LOCAL

