=LDR  02147cam a2200469 i 4500
=001  on1345543573
=003  OCoLC
=005  20230330221815.4
=008  220923s2022\\\\nyu\\\\\\\\\\\000\d\eng\d
=024  8\$a17865656
=035  \\$a99993290153
=040  \\$aOSZ$beng$erda$cOSZ$dOSZ$dOCLCF$dYDX$dOCL
=019  \\$a1303559024$a1303669805
=020  \\$a9780573709487$q(paperback)
=020  \\$a0573709483$q(paperback)
=035  \\$a(OCoLC)1345543573$z(OCoLC)1303559024$z(OCoLC)1303669805
=049  \\$aFSSG$l31254802704896
=050  \4$aPS3607.O3443$bG56 2022
=082  04$a812/.6$223/eng/20220923
=100  1\$aGoff, Keli,$eauthor.
=245  14$aThe glorious world of crowns, kinks and curls /$cby Keli Goff.
=264  \1$a[New York, NY] :$bSamuel French,$c[2022]
=300  \\$a83 pages ;$c21 cm
=336  \\$atext$btxt$2rdacontent
=337  \\$aunmediated$bn$2rdamedia
=338  \\$avolume$bnc$2rdacarrier
=490  1\$aActing edition
=500  \\$aPlace of publication from publisher's Web site.
=500  \\$aCast: 3 women.
=520  \\$aThe Glorious World of Crowns, Kinks and Curls is a collection of monologues and scenes exploring the complex relationship women have with their hair. From Afros to braids, weddings and funerals, falling in love to grieving a loss, these stories serve as a powerful reminder that for Black women in particular, hair is both deeply personal and political. These heartbreaking, heartwarming and hilarious stories will take audiences on an unparalleled journey into the world of Black womanhood. --$cProvided by publisher.
=650  \0$aHairdressing of African Americans$vDrama.
=650  \0$aHairstyles$vDrama.
=650  \0$aAfrican American women$vDrama.
=650  \7$aAfrican American women.$2fast$0(OCoLC)fst00799438
=650  \7$aHairdressing of African Americans.$2fast$0(OCoLC)fst00950427
=650  \7$aHairstyles.$2fast$0(OCoLC)fst00950431
=655  \7$aDrama.$2fast$0(OCoLC)fst01423879
=830  \0$aSamuel French acting edition.
=949  \\$aFTaSU$bFSULC$cGEN$9LOCAL
=980  \\$a20230425$b9.95$d672769$e9.95$f99993290153$9LOCAL
=981  \\$bFTZIRTL$9LOCAL
=993  \\$9LOCAL

