=LDR  02191cam a2200469Ii 4500
=001  on1301898822
=003  OCoLC
=005  20230120154904.8
=008  220304s2022\\\\nyug\\\\\\\\\\000\d\eng\d
=024  8\$a17837693
=035  \\$a99993290154
=040  \\$aYDX$beng$erda$cYDX$dOSZ$dOCLCF$dYDX$dPIT$dYDX
=019  \\$a1301451635$a1301483121$a1301772056
=020  \\$a9780573709333$qpaperback
=020  \\$a0573709335$qpaperback
=035  \\$a(OCoLC)1301898822$z(OCoLC)1301451635$z(OCoLC)1301483121$z(OCoLC)1301772056
=043  \\$an-cn---
=049  \\$aFSSG$l31254802704953
=050  \4$aPR9199.4.P687$bG56 2022
=055  \8$aPS8631.O94$bG56 2022
=082  04$a812/.6$223/eng/20220930
=100  1\$aPower, Tracey,$eauthor.
=245  10$aGlory :$ba hockey play that swings /$cby Tracey Power.
=264  \1$a[New York] :$bSamuel French,$c[2022]
=300  \\$a129 pages + 1 score (4 unnumbered pages) :$bmusic ;$c21 cm.
=336  \\$atext$btxt$2rdacontent
=336  \\$anotated music$bntm$2rdacontent
=337  \\$aunmediated$bn$2rdamedia
=338  \\$avolume$bnc$2rdacarrier
=490  1\$aSamuel French acting edition
=500  \\$aPlace of publication from publisher's website.
=500  \\$aCast: 4 women, 1 man.
=520  \\$aInspired by the true story of Canada's own Preston Rivulettes, Glory is a hockey play that swings! In 1933, four friends set out to prove to Canada that hockey isn't just a sport for men. But with the Great Depression weighing heavily on the nation and political tensions rising in Europe, can they overcome the odds, and people's expectations, to forge their own path to glory? Told through music and dance inspired by the jazz age, Glory is a thrilling hockey story that proves a woman's place is on home ice. --$cProvided by publisher.
=650  \0$aWomen hockey players$zCanada$vDrama.
=650  \7$aWomen hockey players.$2fast$0(OCoLC)fst01177748
=651  \7$aCanada.$2fast$0(OCoLC)fst01204310
=655  \7$aDrama.$2fast$0(OCoLC)fst01423879
=830  \0$aSamuel French acting edition.
=949  \\$aFTaSU$bFSULC$cGEN$9LOCAL
=980  \\$a20230425$b9.95$d672769$e9.95$f99993290154$9LOCAL
=981  \\$bFTZIRTL$9LOCAL
=993  \\$9LOCAL

