=LDR  01629cam a2200361 i 4500
=001  on1349965376
=003  OCoLC
=005  20221210143812.7
=008  221103s2022\\\\ilu\\\\\\\\\\\000\d\eng\d
=024  8\$a18199809
=035  \\$a99993290162
=040  \\$aYDX$beng$erda$cYDX$dYDX
=020  \\$a1619592762$qpaperback
=020  \\$a9781619592766$qpaperback
=035  \\$a(OCoLC)1349965376
=049  \\$aFSSG$l31254802703682
=050  \4$aPS3623.E4786$bL39 2022
=082  04$a812/.6$223
=100  1\$aWells, Tracy,$eauthor.
=245  14$aThe layover /$cby Tracy Wells.
=264  \1$aWoodstock, Illinois :$bDramatic Publishing Company,$c[2022]
=300  \\$a45 pages ;$c19 cm
=336  \\$atext$btxt$2rdacontent
=337  \\$aunmediated$bn$2rdamedia
=338  \\$avolume$bnc$2rdacarrier
=500  \\$aDrama. Cast size: 1w, 7 to 14 any gender.
=520  \\$aA couple of oddly intrusive passengers. A perplexing older couple. New parents. A loud family with a bratty kid. This is the company Dana keeps while she waits in a crowded airport for her next flight to...well...to wherever she's going. But not all is as it seems as Dana, a self-proclaimed "bad girl," tries to pass the time during this never-ending layover. As she interacts with the other waiting passengers, Dana begins to learn that if she wants to get where she's going, she'll have to figure out who she really is.
=650  \0$aAirplane occupants$vDrama.
=650  \0$aOne-act plays, American$y21st century.
=949  \\$aFTaSU$bFSULC$cGEN$9LOCAL
=980  \\$a20230425$b10.95$d672769$e10.95$f99993290162$9LOCAL
=981  \\$bFTZIRTL$9LOCAL
=993  \\$9LOCAL

