=LDR  02020cam a2200457Ii 4500
=001  on1343723899
=003  OCoLC
=005  20221116160427.5
=008  220906t20222022nyu\\\\\\\\\\\000\d\eng\d
=024  8\$a17865658
=035  \\$a99993290167
=040  \\$aOSZ$beng$erda$cOSZ$dOCLCQ$dOSZ$dOCLCF$dYDX
=020  \\$a9780573709852$qpaperback
=020  \\$a0573709858$qpaperback
=035  \\$a(OCoLC)1343723899
=043  \\$an-us---
=049  \\$aFSSG$l31254802703864
=050  \4$aPS3623.I5483$bM67 2022
=082  04$a812/.6$223/eng/20220916
=100  1\$aWilkins, Pravin,$eauthor.
=245  10$aMoreno /$cby Pravin Wilkins.
=264  \1$aNew York :$bSamuel French,$c[2022]
=264  \4$c©2022
=300  \\$a85 pages ;$c21 cm
=336  \\$atext$btxt$2rdacontent
=337  \\$aunmediated$bn$2rdamedia
=338  \\$avolume$bnc$2rdacarrier
=500  \\$aCast: 4 men.
=520  \\$aAugust, 2016. The NFL is being shaken by Colin Kaepernick's monumental decision. While other players join him in taking a knee, star running back Luis Moreno is all about his game - and his pay check. A record-breaking season is in sight... but America's leadership is changing. When a destructive new reality hits close to home, Luis is forced to ask whether politics have a place on the field, and if he is willing to risk his career to take a stand for his own community.--$cProvided by publisher.
=650  \0$aFootball$xMoral and ethical aspects$vDrama.
=650  \0$aFootball players$zUnited States$vDrama.
=650  \0$aProfessional athletes$zUnited States$vDrama.
=650  \7$aFootball$xMoral and ethical aspects.$2fast$0(OCoLC)fst00931387
=650  \7$aFootball players.$2fast$0(OCoLC)fst00931425
=650  \7$aProfessional athletes.$2fast$0(OCoLC)fst01737295
=651  \7$aUnited States.$2fast$0(OCoLC)fst01204155
=655  \7$aDrama.$2fast$0(OCoLC)fst01423879
=949  \\$aFTaSU$bFSULC$cGEN$9LOCAL
=980  \\$a20230425$b9.95$d672769$e9.95$f99993290167$9LOCAL
=981  \\$bFTZIRTL$9LOCAL
=993  \\$9LOCAL

