=LDR  01956cam a2200361 i 4500
=001  on1349965823
=003  OCoLC
=005  20221212162809.9
=008  221103s2022\\\\ilu\\\\\\\\\\\000\d\eng\d
=024  8\$a18199811
=035  \\$a99993290158
=040  \\$aYDX$beng$erda$cYDX$dYDX
=020  \\$a1619592800$qpaperback
=020  \\$a9781619592803$qpaperback
=035  \\$a(OCoLC)1349965823
=049  \\$aFSSG$l31254802703567
=050  \4$aPS3605.S675$bH47 2022
=082  04$a812/.6$223
=100  1\$aEsquivel, Ramon,$eauthor.
=245  14$aThe hero twins :$bblood race /$cby Ramon Esquivel.
=264  \1$aWoodstock, Illinois :$bDramatic Publishing,$c[2022]
=300  \\$a62 pages ;$c19 cm
=336  \\$atext$btxt$2rdacontent
=337  \\$aunmediated$bn$2rdamedia
=338  \\$avolume$bnc$2rdacarrier
=500  \\$aCast size: 2m, 2 to 3w, 2 any gender.
=520  \\$aWho will win the Blood Race, an ancient competition between two tribes that takes place in the underworld? The winner rules the capital city and all the people who labor for it, while the loser remains trapped forever in the underworld. Cricket has trained for his entire life with his twin sister, Moth, and he is favored to be the first of their tribe to win the Blood Race. When Cricket fails, the high priestess, Iguana, challenges Moth to compete in the next race against King Jaguar. Moth's strategies are unusual, baffling even Aquili, her spirit guide in the underworld. When Moth learns the truth of the Blood Race, she is faced with a choice that could turn the world upside down. An invented mythology inspired by classic Mayan narratives, The Hero Twins: Blood Race is an action-filled adventure that is also an allegory about inequality, justice and liberation.
=650  \0$aTwins$vDrama.
=650  \0$aContests$vDrama.
=949  \\$aFTaSU$bFSULC$cGEN$9LOCAL
=980  \\$a20230425$b10.95$d672769$e10.95$f99993290158$9LOCAL
=981  \\$bFTZIRTL$9LOCAL
=993  \\$9LOCAL

