=LDR  01929cam a2200445 i 4500
=001  on1349966047
=003  OCoLC
=005  20221208144726.1
=008  221103t20222022ilu\\\\\\\\\\\000\d\eng\d
=024  8\$a18199808
=035  \\$a99993290155
=040  \\$aYDX$beng$erda$cYDX$dTKN
=020  \\$a1619592843$qpaperback
=020  \\$a9781619592841$qpaperback
=035  \\$a(OCoLC)1349966047
=049  \\$aFSSG$l31254802703500
=050  \4$aPS3554.I385$bG74 2022
=100  1\$aDietz, Steven,$eauthor.
=245  10$aGreat beyond /$cby Steven Dietz.
=264  \1$aWoodstock, Illinois :$bDramatic Publishing Company,$c[2022]
=264  \4$c©2022
=300  \\$a83 pages ;$c19 cm
=336  \\$atext$btxt$2rdacontent
=337  \\$aunmediated$bn$2rdamedia
=338  \\$avolume$bnc$2rdacarrier
=500  \\$aComedy/Drama.
=500  \\$aCast: 2m., 3w.; approximate running time: 80 minutes.
=500  \\$a"Code: GF2000"-- Back cover.
=520  \\$a"The Great Beyond reunites two sisters who have lost their beloved father and whose contentious relationship with each other remains unresolved. At the urging of their husband and girlfriend, respectively, the sisters decide to conduct a seance to contact their deceased father. Amazingly, this seance does produce the result they hoped for ... in a completely unexpected way. The Great Beyond is a comic drama about loss, hope and finding the power to believe. This play is a companion piece to The Ghost of Splinter Cove."--$cProvided by publisher.
=650  \0$aSisters$xFamily relationships$vDrama.
=650  \0$aFamily reunification$vDrama.
=650  \0$aBereavement$vDrama.
=650  \0$aGrief$vDrama.
=650  \0$aLoss (Psychology)$vDrama.
=650  \0$aInterpersonal relations$vDrama.
=655  \7$aDrama.$2lcgft
=949  \\$aFTaSU$bFSULC$cGEN$9LOCAL
=980  \\$a20230425$b10.95$d672769$e10.95$f99993290155$9LOCAL
=981  \\$bFTZIRTL$9LOCAL
=993  \\$9LOCAL

