=LDR  05977cam a2200697 i 4500
=001  on1285873391
=003  OCoLC
=005  20220817141547.8
=006  m\\\\\o\\d\\\\\\\\
=007  cr\|||||||||||
=008  220214s2022\\\\nyua\\\\\b\\\\001\0\eng\\
=010  \\$a  2022003662
=024  8\$a17727025
=035  \\$a99993171927
=040  \\$aDLC$beng$erda$cDLC$dYDX$dDLC$dOCLCO$dOCLCF$dN{dollar}T$dEBLCP$dYDX
=019  \\$a1285774860$a1285775003$a1285872106$a1336403695
=020  \\$a9780231205566$qhardcover
=020  \\$a0231205562$qhardcover
=020  \\$a9780231205573$qtrade paperback
=020  \\$a0231205570$qtrade paperback
=020  \\$z9780231556064$qelectronic book
=035  \\$a(OCoLC)1285873391$z(OCoLC)1285774860$z(OCoLC)1285775003$z(OCoLC)1285872106$z(OCoLC)1336403695
=042  \\$apcc
=049  \\$aFSSG$l31254802703674
=050  00$aJA75.8$b.G7356 2022
=082  00$a320.58$223/eng/20220218
=245  04$aThe Green New Deal and the future of work /$cedited by Craig Calhoun and Benjamin Y. Fong.
=264  \1$aNew York :$bColumbia University Press,$c[2022]
=300  \\$avi, 377 pages :$billustrations ;$c25 cm
=336  \\$atext$btxt$2rdacontent
=337  \\$aunmediated$bn$2rdamedia
=338  \\$avolume$bnc$2rdacarrier
=504  \\$aIncludes bibliographical references and index.
=505  0\$aIntro -- Table of Contents -- Introduction, by Craig Calhoun and Benjamin Y. Fong -- Part I: The New Deal and the Green New Deal -- 1. From the New Deal to the Green New Deal, by Richard A. Walker -- 2. From Romance to Utilitarianism: Lessons on Work and Nature from the New Deal, by Hillary Angelo -- 3. A Green New Deal for Agriculture, by Raj Patel and Jim Goodman -- Part II: What Is the Crisis of Work? -- 4. A Green New Deal for Care: Revaluing the Work of Social and Ecological Reproduction, by Alyssa Battistoni -- 5. Another World (of Work) Is Possible, by Stephanie Luce
=505  8\$a6. Time for Rabble-Rousing: Lessons from the Historic Fight for Reduced Working Hours, by Wilson Sherwin -- Part III: Delivering Jobs and Empowering Workers -- 7. Jobs for All: A Job Guarantee Puts Workers in the Driver's Seat, by Dustin Guastella -- 8. Unions and the Green New Deal, by Mindy Isser -- 9. "Fancy Funeral" or Radical Rebirth? Just Transition and the Future of Work(ers) in the United States, by Todd E. Vachon -- 10. Overcoming the Tragedy of Growth Machines, by Harvey Molotch -- Part IV: Transforming Infrastructure -- 11. A Green New Deal for Housing, by Daniel Aldana Cohen
=505  8\$a12. Low-Carbon, High-Speed: How a Green New Deal Can Transform the Transportation Sector, by J. Mijin Cha and Lara Skinner -- 13. Redesigning Political Economy: The Promise and Peril of a Green New Deal for Energy, by Clark A. Miller -- Part V: The Work of Building a Better Society -- 14. Community Control and the Climate Crisis: Power, Governance, and Racial Capitalism, by Olúfẹ́mi O. Táíwò -- 15. Rethinking the Green New Deal: From War to Work, by Harry C. Boyte and Trygve Throntveit
=505  8\$a16. How to Create Good Jobs, a Sustainable Environment, and a Durable and Successful Left Political Alliance Through a Green New Deal, by Richard Lachmann -- Acknowledgments -- Index
=520  \\$a"Catastrophic climate change overshadows the present and the future. Wrenching economic transformations have devastated workers and hollowed out communities. However, those fighting for jobs and those fighting for the planet have often been at odds. Does the world face two separate crises, environmental and economic? The promise of the Green New Deal is to tackle the threat of climate change through the empowerment of working people and the strengthening of democracy. In this view, the crisis of nature and the crisis of work must be addressed together-or they will not be addressed at all. This book brings together leading experts to explore the possibilities of the Green New Deal, emphasizing the future of work. Together, they examine transformations that are already underway and put forth bold new proposals that can provide jobs while reducing carbon consumption-building a world that is sustainable both economically and ecologically. Contributors also debate urgent questions: What is the value of a federal jobs program, or even a jobs guarantee? How do we alleviate the miseries and precarity of work? In key economic sectors, including energy, transportation, housing, agriculture, and care work, what kind of work is needed today? How does the New Deal provide guidance in addressing these questions, and how can a Green New Deal revive democracy? Above all, this book shows, the Green New Deal offers hope for a better tomorrow-but only if it accounts for work's past transformations and shapes its future"--$cProvided by publisher.
=650  \0$aGreen New Deal.
=650  \0$aWork$xForecasting.
=650  \0$aClimatic changes$xEconomic aspects.
=650  \0$aLabor market.
=650  \0$aAgriculture$xEnvironmental aspects.
=650  \6$aPacte vert.
=650  \6$aTravail$xPrévision.
=650  \6$aClimat$xChangements$xAspect économique.
=650  \6$aMarché du travail.
=650  \6$aAgriculture$xAspect de l'environnement.
=650  \7$aemploying.$2aat
=650  \7$aAgriculture$xEnvironmental aspects.$2fast$0(OCoLC)fst00801499
=650  \7$aClimatic changes$xEconomic aspects.$2fast$0(OCoLC)fst00864236
=650  \7$aGreen New Deal.$2fast$0(OCoLC)fst02019976
=650  \7$aLabor market.$2fast$0(OCoLC)fst00990036
=650  \7$aWork$xForecasting.$2fast$0(OCoLC)fst01180192
=700  1\$aCalhoun, Craig J.,$d1952-$eeditor.
=700  1\$aFong, Benjamin Y.,$eeditor.
=776  08$iOnline version:$tGreen new deal and the future of work$dNew York : Columbia University Press, [2022]$z9780231556064$w(DLC)  2022003663
=949  \\$aFTaSU$bFSULC$cGEN$9LOCAL
=980  \\$a20230425$b35.00$d672769$e28.70$f99993171927$9LOCAL
=981  \\$bFPPIRTL$9LOCAL
=993  \\$9LOCAL

