=LDR  01515cam a2200409Ii 4500
=001  on1255214507
=003  OCoLC
=005  20230331071839.2
=008  210605t20212021enk\\\\\\\\\\\000\d\eng\d
=024  8\$a17486899
=035  \\$a99993290157
=040  \\$aYDX$beng$erda$cYDX$dUKMGB$dOCLCF$dYDX$dTKN
=020  \\$a9780573132209$qpaperback
=020  \\$a0573132208$qpaperback
=035  \\$a(OCoLC)1255214507
=049  \\$aFSSG$l31254802705018
=050  \4$aPR6107.R576$bG75 2021
=082  04$a822/.92$223/eng/20220926
=100  1\$aGrose, Carl,$eauthor.
=245  14$aThe grinning man :$ba musical based on the novel The Man Who Laughs by Victor Hugo ; Book by Carl Grose ; Music by Tim Phillips and Marc Teitler ; Lyrics by Carl Grose, Tom Morris, Tim Phillips and Marc Teitler.
=264  \1$a[United Kingdom] :$bConcord Theatricals,$c[2021]
=264  \4$c©2021
=300  \\$a99 pages ;$c21 cm
=336  \\$atext$btxt$2rdacontent
=337  \\$aunmediated$bn$2rdamedia
=338  \\$avolume$bnc$2rdacarrier
=650  \0$aEnglish drama$y21st century.
=650  \0$aMusicals$vLibrettos.
=650  \7$aEnglish drama.$2fast$0(OCoLC)fst00910737
=648  \7$a2000-2099$2fast
=700  1\$aPhillips, Tim$c(Composer),$econtributor.
=700  1\$aTeitler, Marc,$econtributor.
=700  12$iAdaptation of:$aHugo, Victor,$d1802-1885.$tHomme qui rit.$lEnglish.
=949  \\$aFTaSU$bFSULC$cGEN$9LOCAL
=980  \\$a20230425$b12.95$d672769$e12.95$f99993290157$9LOCAL
=981  \\$bFTZIRTL$9LOCAL
=993  \\$9LOCAL

