=LDR  01724cam a2200409 i 4500
=001  on1256586281
=003  OCoLC
=005  20221007135959.9
=008  210615s2020\\\\nyu\\\\\\\\\\\000\d\eng\d
=024  8\$a17816323
=035  \\$a99993290182
=040  \\$aCOV$beng$erda$cCOV$dOCLCO$dOCLCF$dYDX$dOCLCQ$dYDX
=020  \\$a9780573708633$qpaperback
=020  \\$a0573708630$qpaperback
=035  \\$a(OCoLC)1256586281
=049  \\$aFSSG$l31254802703260
=050  \4$aPS3613.A7288$bT56 2020
=082  04$a812/.6$223/eng/20221007
=100  1\$aMarcantel, Chelsea,$eauthor.
=245  10$aTiny houses /$cby Chelsea Marcantel.
=264  \1$aNew York, NY :$bSamuel French,$c[2020]
=300  \\$a61 pages ;$c21 cm.
=336  \\$atext$btxt$2rdacontent
=336  \\$anotated music$bntm$2rdacontent
=337  \\$aunmediated$bn$2rdamedia
=338  \\$avolume$bnc$2rdacarrier
=490  1\$aSamuel French acting edition
=500  \\$a"Concord Theatricals."
=520  \\$aBohdi is a life coach. Jevne is a YouTube artist. Ollie sells haunted dolls online. Cath just left her job to move to Oregon with her new boyfriend. And they are all building a house together in the backyard. As the dwelling comes together on stage, tensions swell, discoveries are made, and long-buried feelings rise to the surface. In a world where bigger is always better, can tiny really equal happy? --page 4 of cover.
=500  \\$aCast : 2 f, 3 m.
=650  \0$aSmall houses$xDesign and construction$vDrama.
=655  \7$aDrama.$2fast$0(OCoLC)fst01423879
=830  \0$aSamuel French acting edition.
=949  \\$aFTaSU$bFSULC$cGEN$9LOCAL
=980  \\$a20230425$b9.95$d672769$e9.95$f99993290182$9LOCAL
=981  \\$bFTZIRTL$9LOCAL
=993  \\$9LOCAL

