=LDR  04891cam a2200721 i 4500
=001  on1337943086
=003  OCoLC
=005  20221206144841.4
=008  220627t20222022ncua\\\\\b\\\\001\0\eng\\
=010  \\$a  2022020342
=024  8\$a17819133
=035  \\$a99992825338
=040  \\$aNcD/DLC$beng$erda$cDLC$dOCLCF$dCOO$dYDX
=020  \\$a9781478013914$qhardcover
=020  \\$a1478013915$qhardcover
=020  \\$a9781478014850$qpaperback
=020  \\$a1478014857$qpaperback
=020  \\$z9781478022145$qelectronic book
=035  \\$a(OCoLC)1337943086
=042  \\$apcc
=043  \\$anwtr---
=049  \\$aFSSG$l31254802703807
=050  00$aBL2532.O23$bH835 2022
=082  00$a299.6/70972983$223/eng/20220729
=084  \\$aREL000000$aSOC056000$2bisacsh
=100  1\$aHucks, Tracey E.,$d1965-$eauthor.
=245  10$aObeah, Orisa & religious identity in Trinidad.$nVolume I,$pObeah :$bAfricans in the White colonial imagination /$cTracey E. Hucks.
=246  3\$aObeah, Orisa and religious identity in Trinidad
=246  30$aObeah :$bAfricans in the White colonial imagination
=264  \1$aDurham :$bDuke University Press,$c2022.
=264  \4$c©2022
=300  \\$axviii, 262 pages :$billustrations ;$c24 cm.
=336  \\$atext$btxt$2rdacontent
=337  \\$aunmediated$bn$2rdamedia
=338  \\$avolume$bnc$2rdacarrier
=490  1\$aReligious cultures of African and African diaspora people
=504  \\$aIncludes bibliographical references (pages 241-252) and index.
=505  0\$aThe formation of a slave colony: race, nation, and identity -- Let them hate so long as they fear. Obeah trials and social cannibalism in Trinidad's early slave -- society -- Obeah, piety, and poison in the slave son: representations of African religions in Trinidadian colonial literature -- Marked in the genuine African way: liberated Africans and Obeah doctoring in post-slavery Trinidad -- C'est vrai -- It is true.
=520  \\$a"Obeah, Orisa, and Religious Identity in Trinidad is an expansive two-volume examination of social imaginaries concerning Obeah and Yoruba-Orisa from colonialism to the present. Analyzing their entangled histories and systems of devotion, Tracey E. Hucks and Dianne M. Stewart articulate how these religions were criminalized during slavery and colonialism yet still demonstrated autonomous modes of expression and self-defense. In Volume I, Obeah, Hucks traces the history of African religious repression in colonial Trinidad through the late nineteenth century. Drawing on sources ranging from colonial records, laws, and legal transcripts to travel diaries, literary fiction, and written correspondence, she documents the persecution and violent penalization of African religious practices encoded under the legal classification of "Obeah." A cult of antiblack fixation emerged as white settlers defined themselves in opposition to Obeah, which they imagined as terrifying African witchcraft. These preoccupations revealed the fears that bound whites to one another. At the same time, persons accused of obeah sought legal vindication and marshaled their own spiritual and medicinal technologies to fortify the cultural heritages, religious identities, and life systems of African-diasporic communities in Trinidad"--$cProvided by publisher.
=650  \0$aObeah (Cult)$zTrinidad and Tobago$zTrinidad$xHistory.
=650  \0$aReligion and sociology$zTrinidad and Tobago$zTrinidad$xHistory.
=650  \0$aReligions$xAfrican influences.
=650  \0$aBlack people$zTrinidad and Tobago$zTrinidad$xReligion$xHistory.
=650  \0$aCults$xLaw and legislation$zTrinidad and Tobago$zTrinidad$xHistory.
=650  \0$aReligion and law$zTrinidad and Tobago$zTrinidad$xHistory.
=650  \0$aPostcolonialism$zTrinidad and Tobago$zTrinidad.
=650  \7$aRELIGION / General.$2bisacsh
=650  \7$aSOCIAL SCIENCE / Black Studies (Global)$2bisacsh
=650  \7$aBlack people$xReligion.$2fast$0(OCoLC)fst00833993
=650  \7$aCults$xLaw and legislation.$2fast$0(OCoLC)fst00884986
=650  \7$aObeah (Cult)$2fast$0(OCoLC)fst01042705
=650  \7$aPostcolonialism.$2fast$0(OCoLC)fst01073032
=650  \7$aReligion and law.$2fast$0(OCoLC)fst01093835
=650  \7$aReligion and sociology.$2fast$0(OCoLC)fst01093858
=650  \7$aReligions$xAfrican influences.$2fast$0(OCoLC)fst01093899
=651  \7$aTrinidad and Tobago$zTrinidad.$2fast$0(OCoLC)fst01211576
=655  \7$aHistory.$2fast$0(OCoLC)fst01411628
=776  08$iOnline version:$aHucks, Tracey E., 1965-$tObeah, Orisa, and religious identity in Trinidad. Volume I, Obeah$dDurham : Duke University Press, 2022$z9781478022145$w(DLC)  2022020343
=830  \0$aReligious cultures of African and African diaspora people.
=949  \\$aFTaSU$bFSULC$cGEN$9LOCAL
=980  \\$a20230425$b26.95$d672769$e22.10$f99992825338$9LOCAL
=981  \\$bFARIRTL$9LOCAL
=993  \\$9LOCAL

