=LDR  05635cam a2200469 i 4500
=001  on1341268598
=003  OCoLC
=005  20230328163802.9
=008  220805s2023\\\\nyua\\\\\b\\\\001\0\eng\\
=010  \\$a  2022029518
=024  8\$a18154718
=035  \\$a99993267041
=040  \\$aLBSOR/DLC$beng$erda$cDLC$dOCLCF$dYDX
=020  \\$a9780197519806$qhardcover
=020  \\$a0197519806$qhardcover
=020  \\$z9780197519820$qelectronic publication
=020  \\$z9780197519837$qelectronic book
=035  \\$a(OCoLC)1341268598
=042  \\$apcc
=049  \\$aFSSG$l31254802704789
=050  00$aJA71$b.O947 2023
=082  00$a320.01$223/eng/20220816
=245  04$aThe Oxford handbook of philosophy of political science /$cedited by Harold Kincaid and Jeroen Van Bouwel.
=264  \1$aNew York, NY :$bOxford University Press,$c[2023]
=300  \\$axxi, 591 pages :$billustrations ;$c26 cm.
=336  \\$atext$btxt$2rdacontent
=337  \\$aunmediated$bn$2rdamedia
=338  \\$avolume$bnc$2rdacarrier
=490  1\$aOxford handbooks
=504  \\$aIncludes bibliographical references and index.
=505  0\$aPutting philosophy of political Science on the map / Harold Kincaid and Jeroen Van Bouwel -- The biology of politics : some limitations and reasons for caution / Jonathan Kaplan -- The biological aspects of political attitudes / David Henderson and Stephen Schneider -- Rational choice explanations in political science / Catherine Herfeld and Johannes Marx -- Strategic theory of norms for empirical applications in political science and political economy / Don Ross, Wynn C. Stirling and Luca Tummolini -- Explaining institutional change / Emrah Aydinonat and Petri Ylikoski -- Public choice vs social choice as theories of collective action / Jesús Zamora-Bonilla -- Nineteen kinds of theories about mechanisms that every social science graduate student should know / Andrew Bennett and Benjamin Mishkin -- Conceptualizing and measuring democracy / Sharon Crasnow -- Qualitative research in political science / Julie Zahle -- Interpretivism versus positivism in an age of causal inference / Janet Lawler and David Waldner -- Qualitative comparative analysis (QCA) : a pluralistic approach to causal inference / Federica Russo and Benoît Rihoux -- Mixed methods research and the variety of evidence in political science / Jaakko Kuorikoski and Caterina Marchionni -- Generalization, case studies, and within-case causal inference : large-N qualitative analysis / Gary Goertz and Stephan Haggard -- Process tracing : defining the undefinable / Christopher Clarke -- Process tracing : process tracing : causation and levels of analysis / Keith Dowding -- Interventions in political science / Peter John -- Lab experiments in political science through the lens of experimental economics / Andre Hofmeyr and Harold Kincaid -- Philosophy of science issues in clientelism research / Harold Kincaid, Miquel Pellicer and Eva Wegner -- External validity in philosophy and political science : three paradoxes / Maria Jiménez-Buedo -- Context, contextualization and case-study research / Attilia Ruzzene -- Prediction, history and political science / Robert Northcott -- Taking feminism seriously in political science : a cross-disciplinary dialog / Season Hoard, Laci Hubbard-Mattix, Amy G. Mazur and Samantha Noll -- Dealing with values in political science / Jeroen Van Bouwel -- Positivism and value free ideals in political science / Harold Kincaid -- Political experts, expertise, and expert judgment / Julian Reiss -- Progress in international politics : the democratic peace debate / Fred Chernoff.
=520  \\$a"The Oxford Handbook of Philosophy of Political Science contains twenty-seven freshly written chapters to give the reader a panoramic introduction to philosophical issues in the practice of political science. Simultaneously, it advances the field of Philosophy of Political Science by creating a fruitful meeting place where both philosophers and practicing political scientists contribute and discuss. These philosophical discussions are close to and informed by actual developments in political science, making philosophy of science continuous with the sciences, another aspiration that motivates this volume. The chapters fall under four headings: (1) evaluating theoretical frameworks in political science; (2) methodological challenges and reconciliations; (3) the purposes and uses of political science; and, (4) the interactions between political science and society. Specific topics discussed include the biology of political attitudes, intra-agent mechanisms, rational choice explanations, theories of collective action, explaining institutional change, conceptualizing and measuring democracy, process tracing, qualitative comparative analysis, interpretivism and positivism, mixed methods, within-cause causal inference, evidential pluralism, lab and field experiments, external validity, contextualization, prediction, expertise, clientelism, feminism, values, and progress in political science"--$cProvided by publisher.
=650  \0$aPolitical science$xPhilosophy.
=650  \7$aPolitical science$xPhilosophy.$2fast$0(OCoLC)fst01069819
=700  1\$aKincaid, Harold,$d1952-$eeditor.
=700  1\$aBouwel, Jeroen van,$eeditor.
=776  08$iOnline version:$tOxford handbook of philosophy of political science$dNew York, NY : Oxford University Press, [2022]$z9780197519820$w(DLC)  2022029519
=830  \0$aOxford handbooks.
=949  \\$aFTaSU$bFSULC$cGEN$9LOCAL
=980  \\$a20230425$b165.00$d672769$e135.30$f99993267041$9LOCAL
=981  \\$bFPPIRTL$9LOCAL
=993  \\$9LOCAL

