=LDR  03557cam a2200433 i 4500
=001  on1196190509
=003  OCoLC
=005  20220403145316.2
=008  200920t20212021iluaf\\\\b\\\\001\0\eng\d
=024  8\$a16955619
=035  \\$a99992096995
=040  \\$aYDX$beng$erda$cYDX$dYDXIT$dOCLCO$dOCLCF$dUIU$dOCLCQ$dONB
=020  \\$a9781478638056$q(paperback)
=020  \\$a1478638052$q(paperback)
=035  \\$a(OCoLC)1196190509
=049  \\$aFSSG$l31254802703492
=050  \4$aPN2085$b.R94 2021
=082  04$a792.02/5$223
=100  1\$aRyerson, Judy,$eauthor.
=245  10$aIntroduction to theatrical design and production :$ba collaborative journey /$cJudy Ryerson.
=264  \1$aLong Grove, Illinois :$bWaveland Press, Inc.,$c[2021]
=264  \4$c©2021
=300  \\$axi, 191 pages, 16 unnumbered pages of plates :$billustrations (some color) ;$c28 cm
=336  \\$atext$btxt$2rdacontent
=337  \\$aunmediated$bn$2rdamedia
=338  \\$avolume$bnc$2rdacarrier
=504  \\$aIncludes bibliographical references and index.
=505  0\$aWhat is Theatrical Design and Production? -- Show Business: Who's Who in Theatrical Production -- What Do Designers Do? -- Compromise is Not a Four-Letter Word -- Where Does the Art Start? -- The Raw Materials, Surfaces, and Light, and How Movement Adds Depth and Texture -- The Creative Exchange of Information -- The Costume Design Process : The Talking and Moving Canvas -- From Doodles to Dresses : The Costume Production Process -- From Empty Space to Performance Space : The Scenic Design Process -- Can We Add a Table and Chairs? The Scenic Production Process -- What Is the Journey of the Story? The Lighting Design Process -- Rehearsals to Final Dress : The Lighting Production Process -- Sound Design and Production : The Not-So-Silent Partner of Performance -- The WOW Factor : Design Components that Imitate Lift Imitating Art -- Opening Night : Putting It All Together
=520  \\$a"The creation of exciting visual stories blooms from a successful navigation of the collaborative artistic journey. This new text guides beginning directors, designers, and performers through the many interwoven relationships and communication styles used during this journey and details the context, vision, parameters, materials, aesthetics, documentation, and facilitation of the design and production process. Drawing from over thirty years as a theatre educator and costume designer, Ryerson uses examples from actual productions to provide valuable insight into creating visually symbolic storytelling. Specific areas covered include the historical development of performance; navigating the relationship between artistic and business factions; job descriptions and hierarchies; design elements and principles; set components and construction; the design and production of costumes, lighting, and sound; special effects; and how everything comes together. Including 16 pages of full-color photos, this universal and practical approach benefits all members of this unique art form" --Provided by publisher.
=650  \0$aStage management.
=650  \0$aTheater$xProduction and direction.
=650  \0$aTheaters$xStage-setting and scenery.
=650  \7$aStage management.$2fast$0(OCoLC)fst01131328
=650  \7$aTheater$xProduction and direction.$2fast$0(OCoLC)fst01149278
=650  \7$aTheaters$xStage-setting and scenery.$2fast$0(OCoLC)fst01149404
=949  \\$aFTaSU$bFSULC$cGEN$9LOCAL
=980  \\$a20230425$b51.95$d672769$e51.95$f99992096995$9LOCAL
=981  \\$bFTZHPTL$9LOCAL
=993  \\$9LOCAL

