=LDR  02036cam a2200421 i 4500
=001  on1349965326
=003  OCoLC
=005  20221216143420.0
=008  221103t20222022ilu\\\\\\\\\\\000\d\eng\d
=024  8\$a18199810
=035  \\$a99993290160
=040  \\$aYDX$beng$erda$cYDX$dTKN$dYDX
=020  \\$a1619592754$qpaperback
=020  \\$a9781619592759$qpaperback
=035  \\$a(OCoLC)1349965326
=049  \\$aFSSG$l31254802703625
=050  \4$aPS3603.A834$bJ57 2022
=082  04$a812.6$223
=100  1\$aCasas, José,$d1968-$eauthor.
=245  10$aJJ's place /$cby José Casas.
=264  \1$aWoodstock, Illinois :$bDramatic Publishing Company,$c[2022]
=264  \4$c©2022
=300  \\$a60 pages ;$c19 cm
=336  \\$atext$btxt$2rdacontent
=337  \\$aunmediated$bn$2rdamedia
=338  \\$avolume$bnc$2rdacarrier
=500  \\$a"this play is dedicated to josé joaquín salazar my nephew ..."Title page verso.
=500  \\$aCast: 3m., 1w.; approximate running time: 60 minutes.
=500  \\$a"Code: J77000"-- Back cover.
=520  \\$a"Mario is a hardworking, struggling auto mechanic in East LA who is left to raise his son, JJ, after the passing of his mother. In order to honor her memory, cope with his lack of connection with his father, and fulfill an ulterior motive, JJ begins to build machines and arcade games out of leftover cardboard from his dad's handyman shop. All the while, he is talking to his mother via his dreams, holding onto her memory as tightly as he can. It is through JJ's imagination and ingenuity that he is able to connect to himself, his family, and his community. In the end, father and son come to an understanding as they look toward a brighter future together."--$cProvided by publisher.
=650  \0$aFathers and sons$vDrama.
=650  \0$aBereavement$vDrama.
=650  \0$aLoss (Psychology)$vDrama.
=655  \7$aDrama.$2lcgft
=949  \\$aFTaSU$bFSULC$cGEN$9LOCAL
=980  \\$a20230425$b10.95$d672769$e10.95$f99993290160$9LOCAL
=981  \\$bFTZIRTL$9LOCAL
=993  \\$9LOCAL

