=LDR  03051cam a2200445 i 4500
=001  on1346948190
=003  OCoLC
=005  20230331154446.7
=008  220916s2022\\\\sz\\\\\\\b\\\\000\0\eng\d
=024  8\$a18056444
=035  \\$a99992990282
=040  \\$aUKMGB$beng$erda$cUKMGB$dOCLCF$dELZ$dYDX
=020  \\$a9783031155710$qhardcover
=020  \\$a3031155718$qhardcover
=020  \\$z9783031155727$qelectronic book
=035  \\$a(OCoLC)1346948190
=049  \\$aFSSG$l31254802704847
=050  \4$aPR4484$b.G37 2022
=082  04$a821/.7$223
=100  1\$aGarrett, Martin,$eauthor.$1https://isni.org/isni/0000000109137992
=245  14$aThe Palgrave literary dictionary of Samuel Taylor Coleridge /$cMartin Garrett.
=246  30$aLiterary dictionary of Samuel Taylor Coleridge
=264  \1$aCham, Switzerland :$bPalgrave Macmillan,$c[2022]
=300  \\$axviii, 210 pages ;$c25 cm.
=336  \\$atext$btxt$2rdacontent
=337  \\$aunmediated$bn$2rdamedia
=338  \\$avolume$bnc$2rdacarrier
=490  1\$aPalgrave literary dictionaries
=504  \\$aIncludes bibliographical references (pages 195-210).
=520  \\$aThis volume explores the labyrinth of what we call Coleridge (Virginia Woolf): his poems and prose, their sources, interpretation and reception; his life, troubled marriage and fatherhood, conversation, changing intellectual contexts and legacy. Major entries cover such canonical works as The Rime of the Ancient Mariner, Christabel, Kubla Khan, the conversation poems and Biographia Literaria. But a fuller understanding of Coleridge must embrace many lesser-known poems lyrics, satire, comical squibs. The prose critical, philosophical, political, religious ranges from his early radical writings to the more conservative On the Constitution of the Church and State, his influential Shakespeare lectures, and the vast resource of the notebooks. Coleridge read widely throughout his life and engaged extensively with the work of, among many others, Milton, Fielding, Berkeley, Priestley, Kant, Schelling. One of his most important relationships was with William Wordsworth. Another was with Sara Hutchinson. Entries trace Coleridges changing reputation, from brilliant young activist to the Sage of Highgate to the later apostle of the theories of the imagination and of Practical Criticism. Other topics covered include opium, plagiarism, the French Revolution, Pantisocracy, Unitarianism, and the Salutation and Cat tavern.
=600  10$aColeridge, Samuel Taylor,$d1772-1834$1https://isni.org/isni/0000000122774996
=600  10$aColeridge, Samuel Taylor,$d1772-1834$xCriticism and interpretation.
=600  17$aColeridge, Samuel Taylor,$d1772-1834.$2fast$0(OCoLC)fst00029081
=655  \7$aCriticism, interpretation, etc.$2fast$0(OCoLC)fst01411635
=776  08$iebook version :$z9783031155727$w(OCoLC)1353595964
=830  \0$aPalgrave literary dictionaries.
=949  \\$aFTaSU$bFSULC$cGEN$9LOCAL
=980  \\$a20230425$b149.99$d672769$e122.99$f99992990282$9LOCAL
=981  \\$bFAEIRTL$9LOCAL
=993  \\$9LOCAL

