=LDR  02095cam a2200517 i 4500
=001  on1296944514
=003  OCoLC
=005  20221122162054.2
=008  220216t20222022nyu\\\\\\\\\\\000\d\eng\d
=024  8\$a17828357
=035  \\$a99993290169
=040  \\$aYDX$beng$erda$cYDX$dTOH$dOCLCF$dOSZ$dMTG$dYDX
=019  \\$a1296678281$a1296911337
=020  \\$a0573709599$qpaperback
=020  \\$a9780573709593$qpaperback
=035  \\$a(OCoLC)1296944514$z(OCoLC)1296678281$z(OCoLC)1296911337
=043  \\$an-us-vt
=049  \\$aFSSG$l31254802705075
=050  \4$aPS3602.O667$bP37 2022
=082  04$a812/.6$223
=100  1\$aBooth, Eboni,$eauthor.
=245  10$aParis /$cby Eboni Booth.
=264  \1$a[New York, NY] :$bSamuel French, an imprint of Concord Theatricals Corp.,$c[2022]
=264  \4$c©2022
=300  \\$a87 pages ;$c21 cm.
=336  \\$atext$btxt$2rdacontent
=337  \\$aunmediated$bn$2rdamedia
=338  \\$avolume$bnc$2rdacarrier
=490  1\$aActing edition
=511  1\$aCast: 3 women, 4 men.
=520  \\$aEmmie is one of the only Black people living in Paris, Vermont, and she desperately needs a job. When she is hired at Berry's, a store off the interstate selling everything from baby carrots to lawnmowers, she begins to understand a new kind of isolation. Paris is a play about invisibility, being underpaid, and how it feels to work on your feet for ten hours a day. --$cProvided by publisher.
=650  \0$aAfrican American women$vDrama.
=650  \0$aSales personnel$vDrama.
=650  \0$aSocial isolation$vDrama.
=651  \0$aVermont$vDrama.
=650  \7$aAfrican American women.$2fast$0(OCoLC)fst00799438
=650  \7$aSales personnel.$2fast$0(OCoLC)fst01103846
=650  \7$aSocial isolation.$2fast$0(OCoLC)fst01122596
=651  \7$aVermont.$2fast$0(OCoLC)fst01204305
=655  \7$aDrama.$2fast$0(OCoLC)fst01423879
=655  \7$aDrama.$2lcgft
=830  \0$aSamuel French acting edition.
=949  \\$aFTaSU$bFSULC$cGEN$9LOCAL
=980  \\$a20230425$b9.95$d672769$e9.95$f99993290169$9LOCAL
=981  \\$bFTZIRTL$9LOCAL
=993  \\$9LOCAL

