=LDR  03166cam a2200421 i 4500
=001  on1285498552
=003  OCoLC
=005  20221109133323.3
=008  211117s2021\\\\nyu\\\\\\\\\\\000\d\eng\d
=024  8\$a17770297
=035  \\$a99993290170
=040  \\$aOSZ$beng$erda$cOSZ$dOSZ$dYDX$dOSZ$dOCLCQ$dOCLCF$dYDX
=020  \\$a9780573709425$qpaperback
=020  \\$a0573709424$qpaperback
=035  \\$a(OCoLC)1285498552
=049  \\$aFSSG$l31254802705133
=050  \4$aPS3564.I364$bP57 2021
=082  04$a812/.6$223
=100  1\$aNigro, Don,$eauthor.
=245  10$aPirandello and other plays /$cby Don Nigro.
=264  \1$a[New York, NY] :$bSamuel French,$c[2021]
=300  \\$a136 pages ;$c21 cm.
=336  \\$atext$btxt$2rdacontent
=337  \\$aunmediated$bn$2rdamedia
=338  \\$avolume$bnc$2rdacarrier
=490  1\$aActing edition
=500  \\$aPlace of publication from publisher's website.
=505  0\$aPirandello -- The recollection of green rain -- Pinocchio -- Rusalka -- Humpty Dumpty -- Brimstone run -- Nictzin Dyalhis.
=520  \\$aThis collection of seven darkly funny and mysterious plays includes the long one act Pirandello, in which the great Italian playwright, writing alone on the stage of his theatre late at night, is interrupted by the Italian dictator Mussolini, who wants him to write the authorized biographical play of the dictator's life, Pirandello's jealous wife, who believes Pirandello is sleeping with every woman in sight, including his daughter, and an increasingly disturbing group of characters who may or may not be real, leading Pirandello to question the relationship between his theories about the malleable nature of reality to the rise of Fascism and Fascist propaganda; The Recollection Of Green Rain, which tells the mostly true story of two green children found wandering near an English village, who spoke an unknown language and insisted they were from a mysterious green underground kingdom; Pinocchio, in which Gloria's blind date turns out to be an angry puppet with a rather unsettling story to tell; Rusalka, in which a police officer investigating the disappearance of a young girl tries to make sense out of the increasingly odd stories her best friend tells about her; Humpty Dumpty, in which an enormous egg with very bad hair sits on top of a wall and talks about making Wonderland great again; Brimstone Run, in which a family legacy of betrayal and tragedy is played out at the town dump; and Nictzin Dyalhis, in which a legendary, reclusive writer of weird tales is haunted by a sea goddess he may or may not have invented. In each of these plays, in one way or another, compelling characters find themselves lost in a labyrinthine twilight zone of dream variations which combine the Gothic, the surreal and the absurd.--$cPublisher.
=650  \0$aAmerican drama$y21st century.
=650  \7$aAmerican drama.$2fast$0(OCoLC)fst00806998
=648  \7$a2000-2099$2fast
=655  \7$aDrama.$2lcgft
=830  \0$aSamuel French acting edition.
=949  \\$aFTaSU$bFSULC$cGEN$9LOCAL
=980  \\$a20230425$b9.95$d672769$e9.95$f99993290170$9LOCAL
=981  \\$bFTZIRTL$9LOCAL
=993  \\$9LOCAL

