=LDR  01736cam a2200349 i 4500
=001  on1349965466
=003  OCoLC
=005  20221212162810.0
=008  221103s2022\\\\ilu\\\\\\\\\\\000\d\eng\d
=024  8\$a18199806
=035  \\$a99993290172
=040  \\$aYDX$beng$erda$cYDX$dYDX
=020  \\$a161959286X$qpaperback
=020  \\$a9781619592865$qpaperback
=035  \\$a(OCoLC)1349965466
=049  \\$aFSSG$l31254802703740
=050  \4$aPS3563.O54586$bP53 2022
=082  04$a812/.54$223/eng/20221212
=100  1\$aMontley, Patricia,$eauthor.
=245  10$aPlays on principle :$bten 10-minute plays /$cby Pat Montley.
=264  \1$aWoodstock, Illinois :$bDramatic Publishing,$c[2022]
=300  \\$a93 pages ;$c19 cm
=336  \\$atext$btxt$2rdacontent
=337  \\$aunmediated$bn$2rdamedia
=338  \\$avolume$bnc$2rdacarrier
=520  \\$aWhat gives meaning to life? What do the rich owe the poor? How can we disagree without being disagreeable? Who deserves forgiveness? Is it ever OK to compromise our values? Which is more important--justice or mercy? Does the end ever justify the means? How can we move beyond racial stereotypes? Whose life is worth living and who gets to decide that? What would you sacrifice to save the earth? These are some of the questions posed by this collection, whose characters--parents and children, friends and lovers, colleagues and classmates, constant comrades and scary strangers--grapple with injustice, love, political passion, fear of dying and the curse of conscience.
=650  \0$aOne-act plays, American.
=650  \0$aEthics$vDrama.
=949  \\$aFTaSU$bFSULC$cGEN$9LOCAL
=980  \\$a20230425$b10.95$d672769$e10.95$f99993290172$9LOCAL
=981  \\$bFTZIRTL$9LOCAL
=993  \\$9LOCAL

