=LDR  02180cam a2200493Ii 4500
=001  on1343723514
=003  OCoLC
=005  20221109133323.0
=008  220906s2022\\\\nyu\\\\\\\\\\\000\d\eng\d
=024  8\$a18111007
=035  \\$a99993290173
=040  \\$aOSZ$beng$erda$cOSZ$dOCLCQ$dOSZ$dUIU$dOCLCF$dYDX
=020  \\$a9780573709999$qpaperback
=020  \\$a0573709998$qpaperback
=035  \\$a(OCoLC)1343723514
=043  \\$an-us---
=049  \\$aFSSG$l31254802705190
=050  \4$aPS3606.I555$bP68 2022
=082  04$a812/.6$223/eng/20220916
=100  1\$aFillinger, Selina,$eauthor.
=245  10$aPOTUS :$bor, behind every great dumbass are seven women trying to keep him alive /$cby Selina Fillinger.
=264  \1$a[New York, NY] :$bSamuel French,$c[2022]
=300  \\$a87 pages ;$c21 cm.
=336  \\$atext$btxt$2rdacontent
=337  \\$aunmediated$bn$2rdamedia
=338  \\$avolume$bnc$2rdacarrier
=490  1\$aActing edition
=500  \\$aPlace of publication from publisher's website.
=500  \\$aCast: 7 women.
=520  \\$aOne four-letter word is about to rock 1600 Pennsylvania Avenue. When the President unwittingly spins a PR nightmare into a global crisis, the seven brilliant and beleaguered women he relies upon most risk life, liberty, and the pursuit of sanity to keep the commander-in-chief out of trouble. Selina Fillinger's brilliant, all-female farce took Broadway by storm in a star-studded production that earned three 2022 Tony nominations. --$cProvided by publisher.
=650  \0$aPresidents$zUnited States$vDrama.
=650  \0$aPresidents' spouses$zUnited States$vDrama.
=650  \0$aPresidents$zUnited States$xStaff$vDrama.
=650  \7$aPresidents.$2fast$0(OCoLC)fst01075723
=650  \7$aPresidents' spouses.$2fast$0(OCoLC)fst01075830
=650  \7$aPresidents$xStaff.$2fast$0(OCoLC)fst01075812
=651  \7$aUnited States.$2fast$0(OCoLC)fst01204155
=655  \7$aDrama.$2fast$0(OCoLC)fst01423879
=655  \7$aDrama.$2lcgft
=830  \0$aSamuel French acting edition.
=949  \\$aFTaSU$bFSULC$cGEN$9LOCAL
=980  \\$a20230425$b9.95$d672769$e9.95$f99993290173$9LOCAL
=981  \\$bFTZIRTL$9LOCAL
=993  \\$9LOCAL

