=LDR  02872cam a2200637 i 4500
=001  on1220949185
=003  OCoLC
=005  20221021141802.4
=008  200825t20202020nyu\\\\\\\\\\\000\d\eng\d
=024  8\$a17816314
=035  \\$a99993290174
=040  \\$aEYM$beng$erda$cEYM$dOCLCO$dOCLCF$dOCLCO$dYDX$dPIT$dYDX
=020  \\$a9780573708640$qpaperback
=020  \\$a0573708649$qpaperback
=035  \\$a(OCoLC)1220949185
=043  \\$ae-fr---
=049  \\$aFSSG$l31254802705257
=050  \4$aPS3613.A7288$bS16 2020
=082  04$a812.6$223
=100  1\$aMarcantel, Chelsea,$eauthor.
=245  10$aSaint Joan by George Bernard Shaw /$cadapted with additional scenes by Chelsea Marcantel.
=264  \1$a[New York] :$bSamuel French :$bConcord Theatricals,$c[2020]
=264  \4$c©2020
=300  \\$a94 pages, 6 unnumbered pages ;$c20 cm.
=336  \\$atext$btxt$2rdacontent
=337  \\$aunmediated$bn$2rdamedia
=338  \\$avolume$bnc$2rdacarrier
=490  1\$aSamuel French acting edition
=500  \\$a"Drama / 4f, 4 m"--Page 4 of cover.
=500  \\$a120 minutes duration.
=521  \\$aAdult, Teen (Age 14-18).
=500  \\$a"Appendix - Timeline of Historical Events"--Pages 96-100.
=520  \\$a"A French country girl finds herself on trial for her life after the nation's rulers are threatened by her influence and popularity. With mysterious visions of saints inspiring her to help recover France from English domination, she paves the way for victory. This epic, transcendent story brings renewed life to one of history's greatest heroines as she pushes the boundaries of a society dominated by political and religious forces."--Page 4 of cover.
=600  10$aShaw, Bernard,$d1856-1950$vAdaptations.
=600  00$aJoan,$cof Arc, Saint,$d1412-1431$vDrama.
=600  07$aJoan,$cof Arc, Saint,$d1412-1431.$2fast$0(OCoLC)fst00032981
=600  17$aShaw, Bernard,$d1856-1950.$2fast$0(OCoLC)fst00030129
=650  \0$aChristian women saints$vDrama.
=651  \0$aFrance$xHistory$yCharles VII, 1422-1451$vDrama.
=650  \6$aThéâtre historique anglais.
=650  \6$aThéâtre américain$y21e siècle.
=650  \7$aAmerican drama.$2fast$0(OCoLC)fst00806998
=650  \7$aChristian women saints.$2fast$0(OCoLC)fst00859586
=650  \7$aHistorical drama, English.$2fast$0(OCoLC)fst00957929
=651  \7$aFrance.$2fast$0(OCoLC)fst01204289
=648  \7$a1422-2099$2fast
=655  \7$aDrama.$2lcgft
=655  \7$aAdaptations.$2fast$0(OCoLC)fst01423910
=655  \7$aDrama.$2fast$0(OCoLC)fst01423879
=655  \7$aHistory.$2fast$0(OCoLC)fst01411628
=700  1\$iAdaptation of (work):$aShaw, Bernard,$d1856-1950.$tSaint Joan.
=830  \0$aSamuel French acting edition.
=949  \\$aFTaSU$bFSULC$cGEN$9LOCAL
=980  \\$a20230425$b9.95$d672769$e9.95$f99993290174$9LOCAL
=981  \\$bFTZIRTL$9LOCAL
=993  \\$9LOCAL

