=LDR  01903cam a2200445Ii 4500
=001  on1301901884
=003  OCoLC
=005  20221110150757.2
=008  220304s2022\\\\nyu\\\\\\\\\\\000\d\eng\d
=024  8\$a17837694
=035  \\$a99993290175
=040  \\$aYDX$beng$erda$cYDX$dOSZ$dOCLCF$dYDX
=019  \\$a1301453325$a1301486179$a1301772419
=020  \\$a9780573709739$qpaperback
=020  \\$a0573709734$qpaperback
=035  \\$a(OCoLC)1301901884$z(OCoLC)1301453325$z(OCoLC)1301486179$z(OCoLC)1301772419
=049  \\$aFSSG$l31254802705315
=050  \4$aPS3623.R5628$bS54 2022
=082  04$a812/.6$223/eng/20221003
=100  1\$aWright, R. Hamilton,$eauthor.
=245  10$aSherlock Holmes and the American problem /$cby R. Wright Hamilton.
=264  \1$a[New York, NY] :$bSamuel French,$c[2022]
=300  \\$a108 pages ;$c21 cm.
=336  \\$atext$btxt$2rdacontent
=337  \\$aunmediated$bn$2rdamedia
=338  \\$avolume$bnc$2rdacarrier
=490  1\$aActing edition
=500  \\$aPlace of publication from publisher's website.
=500  \\$aCast: 3 women, 6 men.
=520  \\$aLondon. 1887. Queen Victoria's Jubilee. Buffalo Bill's Wild West is the hottest ticket in town and its star, Miss Annie Oakley, travels to Baker Street to ask Sherlock Holmes to find her missing brother. What ensues is a tale of international intrigue, multiple murders and a war for supremacy over the London underworld. --$cProvided by publisher.
=600  10$aHolmes, Sherlock$vDrama.
=600  10$aOakley, Annie,$d1860-1926$vDrama.
=600  17$aHolmes, Sherlock.$2fast$0(OCoLC)fst01906994
=600  17$aOakley, Annie,$d1860-1926.$2fast$0(OCoLC)fst00029771
=655  \7$aDrama.$2fast$0(OCoLC)fst01423879
=830  \0$aSamuel French acting edition.
=949  \\$aFTaSU$bFSULC$cGEN$9LOCAL
=980  \\$a20230425$b9.95$d672769$e9.95$f99993290175$9LOCAL
=981  \\$bFTZIRTL$9LOCAL
=993  \\$9LOCAL

