=LDR  01625cam a2200457 i 4500
=001  on1313075772
=003  OCoLC
=005  20230403091218.7
=008  220429t20232023enk\\\\\\b\\\\001\0\eng\d
=024  8\$a17921357
=035  \\$a99993406951
=040  \\$aYDX$beng$erda$cYDX$dBDX$dUKMGB$dOCLCF$dOCLCQ$dYDX
=019  \\$a1313075074$a1313385161$a1313387922
=020  \\$a1398609757$q(paperback)
=020  \\$a9781398609754$q(paperback)
=020  \\$a1398609773$q(hardcover)
=020  \\$a9781398609778$q(hardcover)
=035  \\$a(OCoLC)1313075772$z(OCoLC)1313075074$z(OCoLC)1313385161$z(OCoLC)1313387922
=049  \\$aFSSG$l31254802703732
=050  \4$aHD49$b.R83 2023
=082  04$a658.4056$223
=082  04$a658.4056$qOCoLC$223/eng/20230216
=100  1\$aRubens, David,$eauthor.
=245  10$aStrategic risk and crisis management :$ba handbook for modelling and managing complex risks /$cDavid Rubens.
=264  \1$aLondon ;$aNew York :$bKogan Page,$c2023.
=264  \4$c©2023
=300  \\$axii, 338 pages ;$c24 cm
=336  \\$atext$2rdacontent
=337  \\$aunmediated$2rdamedia
=338  \\$avolume$2rdacarrier
=504  \\$aIncludes bibliographical references and index.
=650  \0$aCrisis management.
=650  \0$aRisk management.
=650  \0$aStrategic planning.
=650  \7$aCrisis management.$2fast$0(OCoLC)fst00883617
=650  \7$aRisk management.$2fast$0(OCoLC)fst01098164
=650  \7$aStrategic planning.$2fast$0(OCoLC)fst01134371
=949  \\$aFTaSU$bFSULC$cGEN$9LOCAL
=980  \\$a20230425$b56.24$d672769$e46.12$f99993406951$9LOCAL
=981  \\$bFPPIRTL$9LOCAL
=993  \\$9LOCAL

