=LDR  03325cam a2200553 i 4500
=001  on1348507431
=003  OCoLC
=005  20230208152309.5
=008  220831s2023\\\\mdu\\\\\\b\\\\001\0\eng\\
=010  \\$a  2022037734
=024  8\$a18060659
=035  \\$a99993172631
=040  \\$aDLC$beng$erda$cDLC$dOCLCF$dYDX
=020  \\$a9781538173503$qhardcover
=020  \\$a1538173506$qhardcover
=020  \\$a9781538173510$qpaperback
=020  \\$a1538173514$qpaperback
=020  \\$z9781538173527$qelectronic publication
=035  \\$a(OCoLC)1348507431
=042  \\$apcc
=049  \\$aFSSG$l31254802705141
=050  00$aJC596$b.L56 2023
=082  00$a323.44/8$223/eng/20221021
=100  1\$aLindau, Juan David,$eauthor.
=245  10$aSurveillance and the vanishing individual :$bpower and privacy in the digital age /$cJuan D. Lindau.
=264  \1$aLanham :$bRowman & Littlefield,$c[2023]
=300  \\$axx, 309 pages ;$c24 cm
=336  \\$atext$btxt$2rdacontent
=337  \\$aunmediated$bn$2rdamedia
=338  \\$avolume$bnc$2rdacarrier
=504  \\$aIncludes bibliographical references and index.
=505  0\$aIntroduction -- The Transition from the Industrial to the Digital Age -- Interdisciplinary Discussions of Privacy and its Loss -- Philosophical Debates About Privacy -- Privacy as a Legal and Constitutional Right -- National Security and the Expansion of Digital Surveillance -- The Legal Architecture Governing Mass State Surveillance -- Features of State Surveillance in the United States -- Surveilling the Most Vulnerable: The State and Refugees, Migrants, Dissidents and Minorities -- Global Digital Mass Surveillance Practices -- Representative Examples of State Surveillance Around the World -- The Rise of "Surveillance Capitalism" -- Conspiracy Theories and Other Impacts of the Social Media Platforms -- Surveillance Tools and the Coronavirus Pandemic: A Case Study -- Conclusion and Epilogue.
=520  \\$a"This book investigates the impact of the spread of digital technologies and practices, especially mass surveillance, on privacy and personhood. Lindau argues that the quest for prediction, certainty, and control at the heart of the state's security apparatus destroys an essential component of human dignity and fundamentally undermines liberalism"--$cProvided by publisher.
=650  \0$aPrivacy, Right of$vCross-cultural studies.
=650  \0$aElectronic surveillance$vCross-cultural studies.
=650  \0$aGlobalization$vCross-cultural studies.
=650  \0$aPersonal information management$vCross-cultural studies.
=650  \0$aPrivacy$vCross-cultural studies.
=650  \7$aElectronic surveillance.$2fast$0(OCoLC)fst00907477
=650  \7$aGlobalization.$2fast$0(OCoLC)fst00943532
=650  \7$aPersonal information management.$2fast$0(OCoLC)fst01058583
=650  \7$aPrivacy.$2fast$0(OCoLC)fst01077437
=650  \7$aPrivacy, Right of.$2fast$0(OCoLC)fst01077444
=655  \7$aCross-cultural studies.$2fast$0(OCoLC)fst01423769
=776  08$iOnline version:$aLindau, Juan David.$tSurveillance and the vanishing individual$dLanham, Maryland : Rowman & Littlefield, [2023]$z9781538173527$w(DLC)  2022037735
=949  \\$aFTaSU$bFSULC$cGEN$9LOCAL
=980  \\$a20230425$b45.00$d672769$e36.90$f99993172631$9LOCAL
=981  \\$bFPPIRTL$9LOCAL
=993  \\$9LOCAL

