=LDR  02224cam a2200565 i 4500
=001  on1220949397
=003  OCoLC
=005  20221021141802.5
=008  200825t20202020nyu\\\\\\\\\\\000\d\eng\d
=024  8\$a16963290
=035  \\$a99993290180
=040  \\$aEYM$beng$erda$cEYM$dOCLCO$dYDX$dOCLCF$dOCLCO$dPIT$dYDX
=019  \\$a1197724435
=020  \\$a9780573708480$qpaperback
=020  \\$a0573708487$qpaperback
=035  \\$a(OCoLC)1220949397$z(OCoLC)1197724435
=049  \\$aFSSG$l31254802703914
=050  \4$aPS3625.O285$bT53 2020
=082  04$a812.6$223
=100  1\$aYockey, Steve,$eauthor.
=245  14$aThe thrush & the woodpecker /$cby Steve Yockey.
=246  3\$aThrush and the woodpecker
=264  \1$a[New York] :$bSamuel French :$bConcord Theatricals,$c[2020]
=264  \4$c©2020
=300  \\$a64 pages ;$c21 cm.
=336  \\$atext$btxt$2rdacontent
=337  \\$aunmediated$bn$2rdamedia
=338  \\$avolume$bnc$2rdacarrier
=490  1\$aSamuel French acting edition
=500  \\$a"Drama / 1m, 2f"--Page 4 of cover.
=500  \\$a75 minutes duration.
=521  \\$aAdult, Teen (Age 14-18).
=520  \\$a"In this modern revenge play, Brenda Hendricks has her hands full dealing with her son Noah after he is expelled from a prestigious college and unexpectedly returns to their isolated Northern California home. When a mysterious woman arrives on their doorstep, Brenda and Noah find their world turned upside down in ways both intimate and epic."--Page 4 of cover.
=650  \0$aBetrayal$vDrama.
=650  \0$aRevenge$vDrama.
=650  \0$aFamilies$vDrama.
=650  \0$aAmerican drama$y21st century$vSpecimens.
=650  \6$aThéâtre américain$y21e siècle.
=650  \7$aAmerican drama.$2fast$0(OCoLC)fst00806998
=650  \7$aBetrayal.$2fast$0(OCoLC)fst00830942
=650  \7$aFamilies.$2fast$0(OCoLC)fst01728849
=650  \7$aRevenge.$2fast$0(OCoLC)fst01096476
=648  \7$a2000-2099$2fast
=655  \7$aDrama.$2fast$0(OCoLC)fst01423879
=655  \7$aDrama.$2lcgft
=830  \0$aSamuel French acting edition.
=949  \\$aFTaSU$bFSULC$cGEN$9LOCAL
=980  \\$a20230425$b9.95$d672769$e9.95$f99993290180$9LOCAL
=981  \\$bFTZIRTL$9LOCAL
=993  \\$9LOCAL

