=LDR  02235cam a2200565 i 4500
=001  on1220949000
=003  OCoLC
=005  20221021141802.3
=008  200825t20202020nyug\\\\\\\\\\000\d\eng\d
=024  8\$a16963284
=035  \\$a99993290181
=040  \\$aEYM$beng$erda$cEYM$dOCLCO$dYDX$dOCLCF$dOCLCO$dPIT$dYDX
=019  \\$a1197725122
=020  \\$a9780573708398$qpaperback
=020  \\$a0573708398$qpaperback
=035  \\$a(OCoLC)1220949000$z(OCoLC)1197725122
=049  \\$aFSSG$l31254802703922
=050  \4$aPS3608.A74934$bT58 2020
=082  04$a812.6$223
=100  1\$aHarnetiaux, Trish,$eauthor.
=245  10$aTin cat shoes /$cby Trish Harnetiaux.
=264  \1$a[New York] :$bSamuel French :$bConcord Theatricals,$c[2020]
=264  \4$c©2020
=300  \\$a83 pages, 5 unnumbered pages of music :$bmusic ;$c21 cm.
=336  \\$atext$btxt$2rdacontent
=336  \\$anotated music$bntm$2rdacontent
=337  \\$aunmediated$bn$2rdamedia
=338  \\$avolume$bnc$2rdacarrier
=490  1\$aSamuel French acting edition
=500  \\$aIncludes at end: Tin cat troup song (To be sung a cappella) / Harentiaux / Ware -- Tin cat fugue (To be sung a cappella) / Harnetiaux / Thomas.
=500  \\$a"Comedy / 3m, 2f"--Page 4 of cover.
=521  \\$aAdult, Teen (Age 14-18).
=520  \\$a"Blessed with the can-do American spirit, a troop of dedicated shoe store employees embark on a madcap odyssey of personal (employer-mandated) expansion."--Page 4 of cover.
=650  \0$aShoe stores$xEmployees$vDrama.
=650  \0$aShoe stores$vDrama.
=650  \0$aCorporate culture$vDrama.
=650  \0$aBureaucracy$vDrama.
=650  \0$aAmerican drama$y21st century.
=650  \6$aThéâtre américain$y21e siècle.
=650  \7$aAmerican drama.$2fast$0(OCoLC)fst00806998
=650  \7$aBureaucracy.$2fast$0(OCoLC)fst00841702
=650  \7$aCorporate culture.$2fast$0(OCoLC)fst00879624
=650  \7$aShoe stores.$2fast$0(OCoLC)fst01201415
=648  \7$a2000-2099$2fast
=655  \7$aDrama.$2fast$0(OCoLC)fst01423879
=830  \0$aSamuel French acting edition.
=949  \\$aFTaSU$bFSULC$cGEN$9LOCAL
=980  \\$a20230425$b9.95$d672769$e9.95$f99993290181$9LOCAL
=981  \\$bFTZIRTL$9LOCAL
=993  \\$9LOCAL

