=LDR  01354cam a2200385 i 4500
=001  on1346153744
=003  OCoLC
=005  20221125140910.3
=008  220929t20222022enk\\\\\\b\\\\001\0\eng\d
=024  8\$a18135857
=035  \\$a99993171916
=040  \\$aYDX$beng$cYDX$dUKMGB$dYDX
=020  \\$a1527588629$q(hardcover)
=020  \\$a9781527588622$q(hardcover)
=035  \\$a(OCoLC)1346153744
=049  \\$aFSSG$l31254802704920
=050  \4$aHV245$b.C35 2022
=082  04$a361.650941$223
=100  1\$aCaines, Eric,$eauthor.
=245  14$aThe conservative party and the creation of the welfare state /$cEric Caines.
=264  \1$aNewcastle upon Tyne :$bCambridge Scholars Publishing,$c2022.
=264  \4$c©2022
=300  \\$a245 pages ;$c21 cm
=336  \\$atext$2rdacontent
=337  \\$aunmediated$2rdamedia
=338  \\$avolume$2rdacarrier
=504  \\$aIncludes bibliographical references and index.
=610  20$aConservative Party (Great Britain)$1https://isni.org/isni/0000000123644202
=650  \0$aWelfare state$zGreat Britain$xHistory$y20th century.
=651  \0$aGreat Britain$xPolitics and government$y1910-1936.
=651  \0$aGreat Britain$xPolitics and government$y1936-1945.
=949  \\$aFTaSU$bFSULC$cGEN$9LOCAL
=980  \\$a20230425$b99.95$d672770$e81.96$f99993171916$9LOCAL
=981  \\$bFPPIRTL$9LOCAL
=993  \\$9LOCAL

