=LDR  02098cam a2200529Ii 4500
=001  on1273678159
=003  OCoLC
=005  20221110141225.6
=008  211007s2021\\\\nyua\\\\\\\\\\000\d\eng\d
=024  8\$a17650688
=035  \\$a99993290184
=040  \\$aYDX$beng$erda$cYDX$dOSZ$dOCLCO$dOCLCF$dYDX
=019  \\$a1273336485$a1273474451
=020  \\$a9780573709234$qpaperback
=020  \\$a0573709238$qpaperback
=035  \\$a(OCoLC)1273678159$z(OCoLC)1273336485$z(OCoLC)1273474451
=043  \\$an-us-tx
=049  \\$aFSSG$l31254802704656
=050  \4$aPS3615.L7526$bT85 2021
=082  04$a812/.6$223
=100  1\$aOlson, Phil,$eauthor.
=245  12$aA twisted Christmas carol /$cby Phil Olson.
=264  \1$a[New York, NY] :$bSamuel French,$c[2021]
=300  \\$a96 pages :$billustrations ;$c21 cm.
=336  \\$atext$btxt$2rdacontent
=337  \\$aunmediated$bn$2rdamedia
=338  \\$avolume$bnc$2rdacarrier
=490  1\$aActing edition
=500  \\$aPlace of publication from publisher's website.
=500  \\$aCast: 2 women, 3 men.
=520  \\$aA Twisted Christmas Carolis a Texas spoof of Charles Dickens' classic A Christmas Carol. It's Christmas Eve in a small west Texas town, and cantankerous barbecue joint owner Buford Johnson gets hit by a twister, setting off a Dickensian adventure with a Texas twist.--$cPublisher.
=600  10$aDickens, Charles,$d1812-1870.$tChristmas carol$vAdaptations.
=630  07$aChristmas carol (Dickens, Charles)$2fast$0(OCoLC)fst01357305
=650  \0$aChristmas$zTexas$vDrama.
=650  \0$aChristmas plays.
=650  \6$aNoël$vThéâtre.
=650  \7$aChristmas.$2fast$0(OCoLC)fst00859787
=650  \7$aChristmas plays.$2fast$0(OCoLC)fst00859836
=651  \7$aTexas.$2fast$0(OCoLC)fst01210336
=655  \7$aAdaptations.$2fast$0(OCoLC)fst01423910
=655  \7$aDrama.$2fast$0(OCoLC)fst01423879
=655  \7$aDrama.$2lcgft
=830  \0$aSamuel French acting edition.
=949  \\$aFTaSU$bFSULC$cGEN$9LOCAL
=980  \\$a20230425$b9.95$d672769$e9.95$f99993290184$9LOCAL
=981  \\$bFTZIRTL$9LOCAL
=993  \\$9LOCAL

