=LDR  02740cam a2200529 i 4500
=001  on1262964744
=003  OCoLC
=005  20220921142143.0
=008  210823t20222022mdu\\\\\\b\\\\001\0\eng\\
=010  \\$a  2021035440
=024  8\$a17565914
=035  \\$a99993171940
=040  \\$aDLC$beng$erda$cDLC$dOCLCO$dOCLCF$dUKMGB$dOCLCO$dSLV$dYDX$dEAU$dYUS$dFMU
=020  \\$a9781538160480$q(hardcover)
=020  \\$a153816048X$q(hardcover)
=020  \\$z9781538160497$qelectronic publication
=035  \\$a(OCoLC)1262964744
=042  \\$apcc
=043  \\$an-us---
=049  \\$aFSSG$l31254802705323
=050  00$aJC381$b.F524 2022
=082  00$a321.9$223
=100  1\$aFiala, Andrew,$d1966-$eauthor.
=245  10$aTyranny from Plato to Trump :$bfools, sycophants, and citizens /$cAndrew Fiala.
=264  \1$aLanham  :$bRowman & Littlefield,$c[2022]
=264  \4$c©2022
=300  \\$axvi, 240 pages ;$c24 cm
=336  \\$atext$btxt$2rdacontent
=337  \\$aunmediated$bn$2rdamedia
=338  \\$avolume$bnc$2rdacarrier
=504  \\$aIncludes bibliographical references (pages 209-234)and index.
=505  0\$aFrom Trump to Plato and Back Again -- Tyranny as a Theological Problem -- The Tragic Trio and the Midwife Who Enlightens -- Political Tragedy and Historical Wisdom -- The Tyrant's Pride: On Ambition, Power, and Greatness -- The Fool's Stupidity: On Willful and Vicious Ignorance -- The Sycophant's Complicity: On Cunning, Flattery, and the Trojan Horse -- Wisdom, Vigilance, and The Citizen-Philosopher -- The Constitution of Wisdom -- Conclusion -- Appendix A: Trump's View of Morality in Context -- Appendix B: The Cast of Characters and Key Events.
=520  \\$a"Questions about how and why the Trump era happened prompt us to think about universal themes in politics, philosophy, and morality. This book shows how the theater and tragedy of contemporary US politics can be distilled down into the behavior of three actors: the tyrant, the sycophant, and the moron"--$cProvided by publisher.
=600  10$aTrump, Donald,$d1946-
=600  17$aTrump, Donald,$d1946-$2fast$0(OCoLC)fst00174117
=650  \0$aDespotism.
=650  \0$aPolitical culture$zUnited States.
=650  \6$aDespotisme.
=650  \7$adespotism.$2aat
=650  \7$aDespotism.$2fast$0(OCoLC)fst00891415
=650  \7$aPolitical culture.$2fast$0(OCoLC)fst01069263
=651  \7$aUnited States.$2fast$0(OCoLC)fst01204155
=776  08$iOnline version:$aFiala, Andrew, 1966-$tTyranny from Plato to Trump$dLanham, Maryland : Rowman & Littlefield, 2022$z9781538160497$w(DLC)  2021035441
=949  \\$aFTaSU$bFSULC$cGEN$9LOCAL
=980  \\$a20230425$b36.00$d672769$e29.52$f99993171940$9LOCAL
=981  \\$bFPPIRTL$9LOCAL
=993  \\$9LOCAL

