=LDR  02501cam a2200517Ii 4500
=001  on1345544257
=003  OCoLC
=005  20221214142712.0
=008  220923s2021\\\\nyu\\\\\\\\\\\000\d\eng\d
=024  8\$a17976155
=035  \\$a99993290185
=040  \\$aOSZ$beng$erda$cOSZ$dOCLCF$dYDX$dPIT
=019  \\$a1327550713
=020  \\$a9780573708718
=020  \\$a0573708711
=035  \\$a(OCoLC)1345544257$z(OCoLC)1327550713
=043  \\$an-us-tx
=049  \\$aFSSG$l31254802704714
=050  \4$aPS3569.H5798$bV47 2021
=082  04$a812/.6$223/eng/20220923
=100  1\$aShores, Del,$eauthor.
=245  12$aA very sordid wedding /$cby Del Shores ; song "Sordid lives" by Margot Rose & Beverly Nero.
=264  \1$aNew York :$bSamuel French,$c[2021]
=264  \4$c©2021
=300  \\$a130 pages, 1 score (5 unnumbered pages) ;$c21 cm.
=336  \\$atext$btxt$2rdacontent
=337  \\$aunmediated$bn$2rdamedia
=338  \\$avolume$bnc$2rdacarrier
=490  1\$aSamuel French acting edition
=500  \\$aCast: 6 women, 12 men.
=520  \\$aIt's 2015, seventeen years after Sordid Lives and Peggy's unfortunate death, after tripping over G.W.'s wooden legs, and life has now moved on for the residents of Winters, Texas. Based on the 2017 hit film of the same name, A Very Sordid Wedding explores the questions, bigotry and the fallout of what happens when gay marriage comes to communities and families that are not quite ready to accept it. Bigoted "religious freedom," marriage equality and cultural acceptance are all explored with Del Shores' trademark approach to using comedy and his much-beloved Sordid Lives characters to deal with these important current social issues and the very real process of accepting your family for who they are instead of who you want them to be.--$cProvided by publisher.
=650  \0$aSame-sex marriage$zTexas$vDrama.
=650  \0$aHomophobia$zTexas$vDrama.
=650  \7$aHomophobia.$2fast$0(OCoLC)fst00959727
=650  \7$aSame-sex marriage.$2fast$0(OCoLC)fst01104555
=651  \7$aTexas.$2fast$0(OCoLC)fst01210336
=650  \7$aSame-sex marriage.$2homoit
=650  \7$aHomophobia.$2homoit
=655  \7$aDrama.$2fast$0(OCoLC)fst01423879
=700  1\$aRose, Margot,$ecomposer,$elyricist.
=700  1\$aNero, Beverly Ann,$ecomposer,$elyricist.
=830  \0$aSamuel French acting edition.
=949  \\$aFTaSU$bFSULC$cGEN$9LOCAL
=980  \\$a20230425$b9.95$d672769$e9.95$f99993290185$9LOCAL
=981  \\$bFTZIRTL$9LOCAL
=993  \\$9LOCAL

