=LDR  01746cam a2200433 i 4500
=001  on1256818712
=003  OCoLC
=005  20221025163744.6
=008  210617t20202020nyu\\\\\\\\\\\000\d\eng\d
=024  8\$a17816324
=035  \\$a99993290188
=040  \\$aCOV$beng$erda$cCOV$dOCLCO$dOCLCF$dOCLCQ$dYDX$dPIT$dYDX
=020  \\$a9780573708831$qpaperback
=020  \\$a0573708835$qpaperback
=035  \\$a(OCoLC)1256818712
=049  \\$aFSSG$l31254802704771
=050  \4$aPS3603.A715$bW4 2020
=082  04$a812/.6$223
=100  1\$aCarabatsos, Eugenie,$eauthor.
=245  10$aWe will not describe the conversation /$cby Eugenie Carabatsos.
=264  \1$a[New York, NY] :$bSamuel French,$c[2020]
=264  \4$c©2020
=300  \\$a57 pages ;$c21 cm
=336  \\$atext$btxt$2rdacontent
=337  \\$aunmediated$bn$2rdamedia
=338  \\$avolume$bnc$2rdacarrier
=500  \\$aCast : 1 M, 2 W.
=520  \\$aInspired by a missing scene in Crime and Punishment, "We Will Not Describe the Conversation" follows a massage therapist, Dani, whose latest client arrives with the news that Dani's estranged brother has committed a heinous crime and is on the run. The women try to piece together why this happened, forcing them to confront their own dark desires. --page 4 of cover
=650  \0$aMasseurs$vDrama.
=650  \0$aFamilies$vDrama.
=650  \7$aFamilies.$2fast$0(OCoLC)fst01728849
=650  \7$aMasseurs.$2fast$0(OCoLC)fst01011526
=655  \7$aDrama.$2lcgft
=655  \7$aDrama.$2fast$0(OCoLC)fst01423879
=700  1\$aDostoyevsky, Fyodor,$d1821-1881.$tPrestuplenie i nakazanie.
=949  \\$aFTaSU$bFSULC$cGEN$9LOCAL
=980  \\$a20230425$b9.95$d672769$e9.95$f99993290188$9LOCAL
=981  \\$bFTZIRTL$9LOCAL
=993  \\$9LOCAL

