=LDR  01435cam a2200397Ii 4500
=001  on1231958130
=003  OCoLC
=005  20220520153440.5
=008  210119t20212021nyu\\\\\\\\\\\000\d\eng\d
=024  8\$a17221161
=035  \\$a99993290189
=040  \\$aYDX$beng$erda$cYDX$dOSZ$dYDX
=020  \\$a0573709025$qpaperback
=020  \\$a9780573709029$qpaperback
=035  \\$a(OCoLC)1231958130
=049  \\$aFSSG$l31254802704839
=050  \4$aPS3601.L4175$bW44 2021
=082  04$a812/.6$223
=100  1\$aAllen, Dennis A.,$cII,$eauthor.
=245  10$aWhen we wake up dead$c/ by Dennis A. Allen II.
=264  \1$aNew York, NY :$bSamuel French, Inc.,$c[2021]
=264  \4$c©2021
=300  \\$a79 pages ;$c21 cm.
=336  \\$atext$btxt$2rdacontent
=337  \\$aunmediated$bn$2rdamedia
=338  \\$avolume$bnc$2rdacarrier
=490  1\$aSamuel French acting edition
=500  \\$aCast: 2 women, 4 men.
=520  \\$aWhen a family comes together to say goodbye to an ailing patriarch, his dying sets in motion events that will change their worlds forever. When We Wake Up Dead is an exploration of grief, mental illness and the fragility of familial bonds.
=650  \0$aFamilies$vDrama.
=650  \0$aAmerican drama$y21st century.
=830  \0$aSamuel French acting edition.
=949  \\$aFTaSU$bFSULC$cGEN$9LOCAL
=980  \\$a20230425$b9.95$d672769$e9.95$f99993290189$9LOCAL
=981  \\$bFTZIRTL$9LOCAL
=993  \\$9LOCAL

