=LDR  02938cam a2200505 i 4500
=001  on1348621200
=003  OCoLC
=005  20230328181646.2
=008  221025s2022\\\\enk\\\\\\b\\\\001\0\eng\d
=024  8\$a18184693
=035  \\$a99993171909
=040  \\$aYDX$beng$erda$cYDX$dHVL$dYDX$dWLL$dOCLCF
=020  \\$a9781527589889$qhardcover
=020  \\$a1527589889$qhardcover
=035  \\$a(OCoLC)1348621200
=043  \\$an-us---
=049  \\$aFSSG$l31254802704862
=050  \4$aKF4541$b.G33 2022
=082  04$a342.7302/9$223/eng/20221206
=100  1\$aGachon, Nicolas,$eauthor.
=245  10$aAbraham Lincoln and the US Constitution, 1861-1865 :$bthe presidential war /$cby Nicolas Gachon.
=246  30$aAbraham Lincoln and the U. S. Constitution, 1861-1865
=264  \1$aNewcastle upon Tyne, UK :$bCambridge Scholars Publishing,$c2022.
=300  \\$aviii, 128 pages ;$c22 cm
=336  \\$atext$btxt$2rdacontent
=337  \\$aunmediated$bn$2rdamedia
=338  \\$avolume$bnc$2rdacarrier
=504  \\$aIncludes bibliographical references and index.
=505  0\$aPart I: Lincoln and the power to make war. Capturing the power to make war -- Expanding the power to make war -- Lincoln's grounds for action -- Part II: Reactions to Lincoln's exercise of the power to make war. The polity bound hand and foot -- The Supreme Court to the rescue of civil liberty -- Seeds of a Congressional response -- Part III: Plans for the post-bellum era. The steps towards emancipation -- The restoration of the union -- Epilogue.
=520  \\$a"This volume offers a historical and documented account of the constitutional issues underlying President Abraham Lincoln's determination to save the Union between 1861 and 1865. It provides students of US history and politics with a simple, precise approach to the complex power game between the three branches of the federal government. While both the Civil War and the Emancipation issue are present across the different chapters, the book focuses on constitutional issues to provide a clear analysis of the way Lincoln used or misused the US Constitution in a context of emergency." --$cBack cover.
=600  10$aLincoln, Abraham,$d1809-1865.
=610  10$aUnited States.$tConstitution.
=600  17$aLincoln, Abraham,$d1809-1865.$2fast$0(OCoLC)fst00030184
=630  07$aConstitution (United States)$2fast$0(OCoLC)fst01356075
=650  \0$aConstitutional law$zUnited States$xHistory.
=651  \0$aUnited States$xHistory$yCivil War, 1861-1865.
=650  \7$aConstitutional law.$2fast$0(OCoLC)fst00875797
=651  \7$aUnited States.$2fast$0(OCoLC)fst01204155
=647  \7$aAmerican Civil War$c(United States :$d1861-1865)$2fast$0(OCoLC)fst01351658
=648  \7$a1861-1865$2fast
=655  \7$aHistory.$2fast$0(OCoLC)fst01411628
=949  \\$aFTaSU$bFSULC$cGEN$9LOCAL
=980  \\$a20230425$b99.95$d672770$e81.96$f99993171909$9LOCAL
=981  \\$bFPPIRTL$9LOCAL
=993  \\$9LOCAL

