=LDR  01233cam a2200373 i 4500
=001  on1363814145
=003  OCoLC
=005  20230308043108.8
=008  230112s2023\\\\enka\\\\\b\\\\000\0\eng\d
=024  8\$a19327144
=035  \\$a99993208930
=040  \\$aUKMGB$beng$erda$cUKMGB$dYDX
=020  \\$a9781527592155$qhardcover
=020  \\$a1527592154$qhardcover
=035  \\$a(OCoLC)1363814145
=043  \\$af-ua---
=049  \\$aFSSG$l31254802705109
=050  \4$aDT83$b.W37 2023
=082  04$a932.01$223/eng/20230307
=100  1\$aWarburton, David,$eauthor.$1https://isni.org/isni/000000011557411X
=245  10$aBronze Age Egypt and globalisation /$cby David A. Warburton.
=264  \1$aNewcastle upon Tyne :$bCambridge Scholars Publishing,$c2023.
=300  \\$a117 pages :$billustrations ;$c21 cm
=336  \\$atext$2rdacontent
=337  \\$aunmediated$2rdamedia
=338  \\$avolume$2rdacarrier
=504  \\$aIncludes bibliographical references.
=650  \0$aGlobalization$zEgypt.
=651  \0$aEgypt$xHistory$yTo 332 B.C.
=651  \0$aEgypt$xCivilization$yTo 332 B.C.
=949  \\$aFTaSU$bFSULC$cGEN$9LOCAL
=980  \\$a20230425$b99.95$d672770$e81.96$f99993208930$9LOCAL
=981  \\$bFA2IRTL$9LOCAL
=993  \\$9LOCAL

