=LDR  01471cam a2200433 i 4500
=001  on1336006210
=003  OCoLC
=005  20221114165425.2
=008  220715s2022\\\\mdu\\\\\\b\\\\000\0\eng\d
=024  8\$a18046131
=035  \\$a99993171911
=040  \\$aYDX$beng$erda$cYDX$dYDX
=020  \\$a9780761873808$qpaperback
=020  \\$a0761873805$qpaperback
=020  \\$a9780761873785$qhardcover
=020  \\$a0761873783$qhardcover
=035  \\$a(OCoLC)1336006210
=043  \\$an-us---
=049  \\$aFSSG$l31254802705208
=050  \4$aJA75.7$b.P67 2022
=082  04$a306.20973$223/eng/20221114
=100  1\$aPorter, Rosalie Pedalino,$d1931-$eauthor.
=245  10$aAmerica challenged :$bthe new politics of race, education, and culture /$cRosalie Pedalino Porter.
=264  \1$aLanham :$bHamilton Books,$c[2022]
=300  \\$axix, 123 pages ;$c23 cm
=336  \\$atext$btxt$2rdacontent
=337  \\$aunmediated$bn$2rdamedia
=338  \\$avolume$bnc$2rdacarrier
=504  \\$aIncludes bibliographical references.
=650  \0$aPolitics and culture$zUnited States.
=650  \0$aEducation and state$zUnited States.
=650  \0$aSocial change$zUnited States.
=650  \0$aRace$xPolitical aspects$zUnited States.
=650  \0$aMulticulturalism$zUnited States.
=651  \0$aUnited States$xRace relations.
=949  \\$aFTaSU$bFSULC$cGEN$9LOCAL
=980  \\$a20230425$b30.00$d672769$e24.60$f99993171911$9LOCAL
=981  \\$bFPPIRTL$9LOCAL
=993  \\$9LOCAL

