=LDR  04242cam a2200649 i 4500
=001  on1302184087
=003  OCoLC
=005  20220824141915.5
=008  220702s2022\\\\mdua\\\\\b\\\\001\0\eng\\
=010  \\$a  2022011838
=024  8\$a17846469
=035  \\$a99993171921
=040  \\$aLBSOR/DLC$beng$erda$cDLC$dOCLCF$dUKMGB$dYDX
=019  \\$a1302103608$a1302106116$a1302120210$a1302125655$a1302179760
=020  \\$a9781538158111$qhardcover
=020  \\$a1538158116$qhardcover
=020  \\$a9781538158128$qpaperback
=020  \\$a1538158124$qpaperback
=020  \\$z9781538158135$qelectronic book
=035  \\$a(OCoLC)1302184087$z(OCoLC)1302103608$z(OCoLC)1302106116$z(OCoLC)1302120210$z(OCoLC)1302125655$z(OCoLC)1302179760
=042  \\$apcc
=043  \\$an-us---
=049  \\$aFSSG$l31254802704730
=050  00$aJK2356$b.E54 2022
=082  00$a324.2734$223/eng/20220726
=245  04$aThe elephant in the room :$bDonald Trump and the future of the Republican Party /$cedited by Andrew E. Busch and William G. Mayer.
=264  \1$aLanham :$bRowman & Littlefield,$c[2022]
=300  \\$ax, 183 pages :$billustrations (black and white) ;$c24 cm
=336  \\$atext$btxt$2rdacontent
=337  \\$aunmediated$bn$2rdamedia
=338  \\$avolume$bnc$2rdacarrier
=504  \\$aIncludes bibliographical references and index.
=505  0\$aPick your battles wisely -- Trump did not / Steven E. Schier -- The Republican way forward : four questions for 2024 / James E. Campbell -- The future of the Republican Party : 2022, 2024, and beyond / David Brady, Morris Fiorina, and Douglas Rivers -- What Is Trumpism? / John J. Pitney, Jr. -- Donald Trump and America's new class war / Glenn Harlan Reynolds -- Some great political genius : how Trump damaged the Republican Party / William G. Mayer -- Expanding the Republican coalition : four lessons from the Trump presidency / John H. Hinderaker -- Trump, the Republican Party, and American conservatism : retrospect and prospect / Charles R. Kesler -- The good, the bad, and the ugly : Donald Trump and the Republicans / Andrew E. Busch.
=520  \\$a"Now that Democrats have won the White House and majorities in both branches of congress, the Republican Party must confront very important questions. How should the party relate to the ex-president and his supporters? Have the events of early 2021 done lasting damage? What, if anything, of the Trump legacy is worth retaining? What should the Republican Party do to regain their congressional majorities and position themselves to win the presidency in 2024? The Elephant in the Room brings together a distinguished group of right-leaning pundits and political scientists, from ardent supporters of Trump and Trumpism to prominent leaders of the never Trump movement. Taken together, this lively debate lays out the contours of a debate that will rage among Republican conservatives in the years ahead"--$cProvided by publisher.
=600  10$aTrump, Donald,$d1946-$xInfluence.
=610  20$aRepublican Party (U.S. : 1854- )
=610  10$aUnited States.$bCongress$xElections, 2022.
=600  17$aTrump, Donald,$d1946-$2fast$0(OCoLC)fst00174117
=610  27$aRepublican Party (U.S. : 1854- )$2fast$0(OCoLC)fst00544975
=610  17$aUnited States.$bCongress.$2fast$0(OCoLC)fst00529490
=650  \0$aConservatism$zUnited States.
=650  \0$aPresidents$zUnited States$xElection$y2024.
=651  \0$aUnited States$xPolitics and government$y2021-
=650  \7$aConservatism.$2fast$0(OCoLC)fst00875582
=650  \7$aElections.$2fast$0(OCoLC)fst00904324
=650  \7$aInfluence (Literary, artistic, etc.)$2fast$0(OCoLC)fst00972484
=650  \7$aPolitics and government.$2fast$0(OCoLC)fst01919741
=650  \7$aPresidents$xElection.$2fast$0(OCoLC)fst01075747
=651  \7$aUnited States.$2fast$0(OCoLC)fst01204155
=648  \7$aSince 2021$2fast
=700  1\$aBusch, Andrew,$eeditor.
=700  1\$aMayer, William G.,$d1956-$eeditor.
=776  08$iOnline version:$tElephant in the room$dLanham : Rowman & Littlefield, [2022]$z9781538158135$w(DLC)  2022011839
=949  \\$aFTaSU$bFSULC$cGEN$9LOCAL
=980  \\$a20230425$b28.00$d672770$e22.96$f99993171921$9LOCAL
=981  \\$bFPPIRTL$9LOCAL
=993  \\$9LOCAL

