=LDR  01380cam a2200409 i 4500
=001  on1353779207
=003  OCoLC
=005  20230330150617.0
=008  221209t20232023ilua\\\\\b\\\\001\0\eng\d
=024  8\$a18286104
=035  \\$a99992825314
=040  \\$aYDX$beng$erda$cYDX$dEEM
=020  \\$a9781478648857
=020  \\$a1478648856
=035  \\$a(OCoLC)1353779207
=043  \\$an-us---
=049  \\$aFSSG$l31254802705166
=050  \4$aHN90.M3$bB79 2023
=100  1\$aBryant, Jennings,$eauthor.
=245  10$aFundamentals of media effects /$cJennings Bryant, Bruce W. Finklea.
=250  \\$aThird edition.
=264  \1$aLong Grove, Illinois :$bWaveland Press, Inc.,$c[2023]
=264  \4$c©2023
=300  \\$axiv, 496 pages :$billustrations ;$c24 cm
=336  \\$atext$btxt$2rdacontent
=337  \\$aunmediated$bn$2rdamedia
=338  \\$avolume$bnc$2rdacarrier
=504  \\$aIncludes bibliographical references (pages 405-486) and index.
=650  \0$aMass media$zUnited States$xPsychological aspects.
=650  \0$aMass media$xSocial aspects$zUnited States.
=650  \0$aMass media$xPolitical aspects$zUnited States.
=650  \0$aMass media$zUnited States$xInfluence.
=700  1\$aFinklea, Bruce W.,$eauthor.
=949  \\$aFTaSU$bFSULC$cGEN$9LOCAL
=980  \\$a20230425$b71.95$d672770$e71.95$f99992825314$9LOCAL
=981  \\$bFCZIRTL$9LOCAL
=993  \\$9LOCAL

