=LDR  05991cam a2200469 i 4500
=001  on1018460676
=003  OCoLC
=005  20220714060558.5
=008  180111s2018\\\\enka\\\\\b\\\\001\0\eng\d
=024  8\$a15079915
=035  \\$a99993036303
=040  \\$aYDX$beng$erda$cYDX$dEZC$dYDX$dOCLCF$dOCLCO$dUKMGB$dVMI$dHRM$dWIS$dIL4J6$dOCLCQ$dOCLCO$dYDX
=020  \\$a1108458165$q(paperback)
=020  \\$a9781108458160$q(paperback)
=035  \\$a(OCoLC)1018460676
=043  \\$aa-ja---
=049  \\$aFSSG$l31254802705034
=050  \4$aPN2921$b.H5525 2018
=082  04$a792.0952$223
=082  04$a792.1$223
=245  02$aA history of Japanese theatre /$cedited by Jonah Salz.
=250  \\$aFirst paperback edition.
=264  \1$aCambridge ;$aNew York, NY :$bCambridge University Press,$c2018.
=300  \\$axli, 550 pages :$billustrations ;$c26 cm
=336  \\$atext$btxt$2rdacontent
=337  \\$aunmediated$bn$2rdamedia
=338  \\$avolume$bnc$2rdacarrier
=500  \\$aFirst published 2016.
=504  \\$aIncludes bibliographical references and index.
=520  \\$a"A comprehensive overview of Japanese theatre and its continuing global influence. Written by eminent international scholars, it spans the full range of dance-theatre genres over the past fifteen hundred years, including noh theatre, bunraku puppet theatre, kabuki theatre, shingeki modern theatre, rakugo storytelling, vanguard butoh dance, and media experimentation. The first part addresses traditional genres, their historical trajectories, and performance conventions. Part II covers the spectrum of new genres since Meiji (1868- ), and Parts III to VI provide discussions of playwriting, architecture, Shakespeare, and interculturalism, situating Japanese elements within their global theatrical context. Beautifully illustrated with photographs and prints, this history features interviews with key modern directors, an overview of historical scholarship in English and Japanese, and a timeline."--Page 4 of cover
=505  0\$aI. TRADITIONAL THEATRES. Preface to Part I: Japanese civilization arises / Laurence Kominz -- 1. Ancient and early medieval performing arts / Terauchi Naoko -- Interlude: Katari narrative traditions: from storytelling to theatre / Alison Tokita -- 2. Noh and Muromachi culture / Shinko Kagaya and Miura Hiroko -- Interlude: Noh and kyogen costumes and masks / Monica Bethe -- 3. Kyogen: classical comedy / Jonah Salz -- Interlude: Iemoto: the family head system / Eric C. Rath -- 4. Kabuki: superheroes and femmes fatales / Julie A. Iezzi -- Interlude: Nihonbuyo: classical dance / Paul Griffith and Okada Mariko -- Interlude: Okinawan theatre: boundary of Japanese theatre / Suzuki Masae -- 5. Bunraku: puppet theatre / Gotō Shizuo -- Interlude: Misemono and rakugo: sideshows and storytelling / Matthew W. Shores -- Interlude: Kamigata geinō: Kyoto-Osaka style / Gondo Yoshikazu -- Interlude: Traditional theatre tomorrow: interview with Takemoto Mikio / Shinko Kagaya --  II. MODERN THEATRES. Preface to Part II / Brian Powell -- 6. Birth of modern theatre: shimpa and shingeki / Brian Powell -- Interlude: modern comedies and early musicals / Nakano Masaaki -- Interlude: Takarazuka: all-girls' revue and musicals / Yamanashi Makiko -- 7. Rise of shingeki: Western-style theatre / Guohe Zheng -- Interlude: Manzai and Yoshimoto vaudeville comedy / Joel Stocker -- 8. Wartime colonial and traditional theatre / Samuel L. Leiter -- Interlude: Kami-shibai: picture-card storytelling / Washitani Hana -- 9. Maturing shingeki theatre / Guohe Zheng -- Interlude: postwar musicals and commercial theatre / Kevin J. Wetmore Jr. -- 10. Sixties theatre / Kan Takayuki -- Interlude: Butoh: dance of darkness and light / Bruce Baird -- 11. Contemporary theatre / M. Cody Poulton -- Interlude: Tokyo: world theatre capital / Iwaki Kyoko -- Interlude: Charting Tokyo theatre today: 24 November 2012 / Iwaki Kyoko -- Interlude: Modern theatre tomorrow: interview with Oriza Hirata / Iwaki Kyoko -- III. ARCS ABD PATTERNS. 12. Premodern playwriting practices / Laurence Kominz -- 13. Traditional meta-patterns / Jonah Salz -- 14. Modern plays as literature / J. Thomas Rimer -- 15. Modern meta-patterns / Mari Boyd -- Interlude: Dōjōjī: the lady and the bell / Laurence Kominz -- IV. THEATRE ARCHITECTURE. Preface to Part IV: Evolution of Japanese theatre architecture / Jonah Salz -- 16. Premodern patterns of spectatorship and space / Shimizu Hiroyuki -- 17. Modernization of theatrical space, 1868-1940 / Samuel L. Leiter and Nagai Satoko -- 18. Postwar theatres: development and diversification / Otsuki Atsushi -- Interlude: National theatres and funding / Barbara E. Thornbury -- V. THEATRE CRITICISM. 19. Premodern practitioner principles: Zeami To Chikamatsu / William Lee -- 20. Modern criticism: wrestling with Western realism / Nakano Masaaki -- 21. English language scholarship: a critical overview / David Jortner -- Interlude: University scholarship and training / Nakano Masaaki -- VI. INTERCULTURAL INFLUENCES. 22. Seven stages of Shakespeare reception / Daniel Gallimore and Minami Ryuta -- 23. Traditional training internationally / Jonah Salz -- 24. Intercultural theatre: fortuitous encounters / Jonah Salz -- Interlude: Early influence from Europe / Yoshihara Yukari -- Interlude: Asian energy versus European rationality: interview with Ninagawa Yukio / Mika Eglinton -- Epilogue: Frozen words and mythology / Eugenio Barba.
=650  \0$aTheater$zJapan$xHistory.
=650  \6$aThéâtre$0(CaQQLa)201-0077134$zJapon$0(CaQQLa)201-0077134$xHistoire.$0(CaQQLa)201-0378888
=650  \7$aTheater.$2fast$0(OCoLC)fst01149217
=651  \7$aJapan.$2fast$0(OCoLC)fst01204082
=650  \7$aTheater$zJapan$xHistory.$2nli
=655  \7$aHistory.$2fast$0(OCoLC)fst01411628
=700  1\$aSalz, Jonah,$eeditor.
=949  \\$aFTaSU$bFSULC$cGEN$9LOCAL
=980  \\$a20230425$b36.99$d672770$e30.33$f99993036303$9LOCAL
=981  \\$bFTZIRTL$9LOCAL
=993  \\$9LOCAL

