=LDR  03214cam a2200505 i 4500
=001  on1276800163
=003  OCoLC
=005  20220110175913.3
=008  210928s2021\\\\nyua\\\\\bc\\\000\0\eng\d
=024  8\$a17432854
=035  \\$a99993139190
=040  \\$aUKMGB$beng$erda$cUKMGB$dERASA$dBDX$dOCLCF$dORX$dWIM$dYDX
=019  \\$a1274122189
=020  \\$a9781943876228$qhardcover
=020  \\$a1943876223$qhardcover
=035  \\$a(OCoLC)1276800163$z(OCoLC)1274122189
=049  \\$aFSSG$l31254802705026
=050  \4$aTR655$b.I37 2021
=082  04$a779/.936219624140074$223
=082  04$a779.9614592414$223
=245  00$a#ICP concerned :$bglobal images for global crisis /$cforeword | Mark Lubell ; introduction | David Campany.
=246  30$aGlobal images for global crisis
=250  \\$aFirst edition.
=264  \1$aNew York :$bG Editions,$c2021.
=300  \\$a318 pages :$bcolor illustrations ;$c22 x 20 cm
=336  \\$atext$btxt$2rdacontent
=336  \\$astill image$bsti$2rdacontent
=337  \\$aunmediated$bn$2rdamedia
=338  \\$avolume$bnc$2rdacarrier
=504  \\$aIncludes bibliographical references.
=520  8\$aOn March 13, 2020 when the global coronavirus pandemic brought life as we know it to an abrupt halt, the International Center of Photography, just weeks after opening in a brand-new building on Manhattan'ss Lower East Side that was buzzing with visitors, was forced to close its doors. Wanting to do more than virtual exhibition tours, ICP announced the #ICPConcerned open call on March 20th, an invitation for people to make, upload, and tag images on Instagram of whatever was going on in their lives wherever they were. What resulted was more than sixty thousand submissions from countries as far flung as France, Singapore, Argentina, Nigeria, Canada, and Iran. From the halls of medical facilities to eerily empty streets and domestic settings converted into home offices and classrooms, the more than 800 photographs collected here are organized chronologically and accompanied by headlines gathered from various global news entities. Taken together, these words and pictures represent the pain, heartbreak, hope, and occasional humor we've all experienced this past year against the backdrop of COVID-19, unrelenting racial injustice, and a divisive political climate. Exhibition: ICP International Center for Photography, New York, USA (01.10.2020 - 03.01.2021).
=650  \0$aPhotography, Artistic$vExhibitions.
=650  \0$aCOVID-19 Pandemic, 2020-$vPictorial works$vExhibitions.
=650  \0$aSocial movements$xHistory$y21st century$vPictorial works$vExhibitions.
=650  \0$aSocial history$y21st century$vPictorial works$vExhibitions.
=647  \7$aCOVID-19 Pandemic$d(2020-)$2fast$0(OCoLC)fst02024716
=655  \7$aExhibition, pictorial works.$2fast$0(OCoLC)fst01424187
=655  \7$aIllustrated works.$2lcgft
=700  1\$aLubell, Mark,$d1970-$ewriter of foreword.
=700  1\$aCampany, David,$ewriter of introduction.
=710  2\$aInternational Center of Photography,$ehost institution.
=949  \\$aFTaSU$bFSULC$cGEN$9LOCAL
=980  \\$a20230425$b40.00$d672769$e32.80$f99993139190$9LOCAL
=981  \\$bFVAHPTL$9LOCAL
=993  \\$9LOCAL

