=LDR  00978cam a2200337 i 4500
=001  on1314432252
=003  OCoLC
=005  20221104143416.3
=008  220507s2022\\\\nyu\\\\\\\\\\\000\p\eng\d
=024  8\$a17928740
=035  \\$a99992989517
=040  \\$aYDX$beng$erda$cYDX$dCDX
=020  \\$a1625570325
=020  \\$a9781625570321
=035  \\$a(OCoLC)1314432252
=049  \\$aFSSG$l31254802703799
=050  \4$aPS3619.O8775$bA69 2022
=082  04$a811/.6$223
=100  1\$aSousa, Kim,$eauthor.
=245  10$aAlways a relic, never a reliquary /$cKim Sousa.
=264  \1$a[New York] :$bBlack Lawrence Press,$c2022.
=300  \\$a66 pages ;$c24 cm
=336  \\$atext$btxt$2rdacontent
=337  \\$aunmediated$bn$2rdamedia
=338  \\$avolume$bnc$2rdacarrier
=650  \0$aImperialism$vPoetry.
=655  \7$aPoetry.$2lcgft
=949  \\$aFTaSU$bFSULC$cGEN$9LOCAL
=980  \\$a20230425$b17.95$d672769$e17.95$f99992989517$9LOCAL
=981  \\$bFAEIRTL$9LOCAL
=993  \\$9LOCAL

