=LDR  02844cam a2200733 i 4500
=001  on1043251900
=003  OCoLC
=005  20191128152055.8
=008  180621s2018\\\\it\a\\\\\b\\\\000\0\eng\d
=010  \\$a  2019433352
=024  8\$a15780008
=035  \\$a99993216697
=040  \\$aC3L$beng$erda$cDLC
=019  \\$a1057758779$a1065142863
=020  \\$a9788836640362$qhardcover
=020  \\$a8836640362$qhardcover
=035  \\$a(OCoLC)1043251900$z(OCoLC)1057758779$z(OCoLC)1065142863
=041  0\$aeng$aita
=042  \\$alccopycat
=043  \\$ae-it---
=049  \\$aFSSG$l31254802704961
=050  00$aNK4890.C67$bC67 2018
=082  04$a745.594/2094521109034$223
=245  00$aCorbella Milano :$bprima fabbrica italiana di gioielli ed armi per il teatro = the first Italian manufacturer of jewellery and weapons for the theatre /$ca cura di Angelica Cobella, Bianca Cappello.
=246  30$aPrima fabbrica italiana di gioielli e armi per il teatro
=246  31$aFirst Italian manufacturer of jewellery and weapons for the theatre
=264  \1$aCinisello Balsamo, Milano :$bSilvana Editoriale,$c[2018]
=300  \\$a215 pages :$billustrations (chiefly color) ;$c29 cm
=336  \\$atext$btxt$2rdacontent
=336  \\$astill image$bsti$2rdacontent
=337  \\$aunmediated$bn$2rdamedia
=338  \\$avolume$bnc$2rdacarrier
=546  \\$aParallel text in English and Italian.
=504  \\$aIncludes bibliographical references.
=610  20$aCorbella (Firm)$xHistory.
=610  24$aCorbella Milano.
=650  \0$aCostume jewelry$zItaly$zMilan$xHistory$y19th century.
=650  \0$aCostume jewelry$zItaly$zMilan$xHistory$y20th century.
=650  \0$aStage props$zItaly$zMilan$xHistory$y19th century.
=650  \0$aStage props$zItaly$zMilan$xHistory$y20th century.
=650  \0$aCostume$zItaly$zMilan$xHistory$y19th century.
=650  \0$aCostume$zItaly$zMilan$xHistory$y20th century.
=650  \7$aCostume.$2fast$0(OCoLC)fst00880759
=650  \7$aCostume jewelry.$2fast$0(OCoLC)fst00880820
=650  \7$aStage props.$2fast$0(OCoLC)fst01131332
=651  \7$aItaly$zMilan.$2fast$0(OCoLC)fst01208698
=650  \7$aTheater.$2gnd
=650  \7$aRequisit.$2gnd
=650  \7$aGoldschmiedekunst.$2gnd
=650  \7$aSchmuck.$2gnd
=650  \7$aWaffe.$2gnd
=650  \7$aHerstellung.$2gnd
=651  \7$aItalien.$2gnd
=648  \7$a1800-1999$2fast
=653  1\$aDrawing & decorative arts$aRecreational & performing arts
=655  \7$aHistory.$2fast$0(OCoLC)fst01411628
=700  1\$aCorbella, Angelica,$eeditor.
=700  1\$aCappello, Bianca,$eeditor.
=700  1\$aBostock, Louise,$etranslator.
=710  2\$aContextus s.r.l,$etranslator.
=949  \\$aFTaSU$bFSULC$cGEN$9LOCAL
=980  \\$a20230425$b55.00$d672769$e45.10$f99993216697$9LOCAL
=981  \\$bFTZHPTL$9LOCAL
=993  \\$9LOCAL

