=LDR  01291cam a2200385 i 4500
=001  on1222896833
=003  OCoLC
=005  20220407145618.0
=008  201119s2020\\\\enk\\\\\\\\\\\000\d\eng\d
=024  8\$a17112395
=035  \\$a99993290141
=040  \\$aYDX$beng$erda$cYDX$dYDXIT$dOCLCO$dOCLCQ$dOCLCO$dOCLCF$dOCLCQ
=020  \\$a0573132518$q(paperback)
=020  \\$a9780573132513$q(paperback)
=035  \\$a(OCoLC)1222896833
=049  \\$aFSSG$l31254802704664
=050  \4$aPR6111.I55$bB69 2020
=082  04$a822/.92$223
=245  04$aThe boy who kicked pigs /$cadapted by Kill The Beast, based on the novel by Tom Baker.
=264  \1$aLondon :$bSamuel French,$c[2020]
=300  \\$a85, 15, 11 pages ;$c21 cm
=336  \\$atext$btxt$2rdacontent
=337  \\$aunmediated$bn$2rdamedia
=338  \\$avolume$bnc$2rdacarrier
=650  \0$aTeenage boys$vDrama.
=650  \0$aSwine$vDrama.
=650  \7$aSwine.$2fast$0(OCoLC)fst01140419
=650  \7$aTeenage boys.$2fast$0(OCoLC)fst01145373
=655  \7$aDrama.$2fast$0(OCoLC)fst01423879
=700  1\$aBaker, Tom,$d1934-$tBoy who kicked pigs.
=710  2\$aKill the beast,$eauthor.
=949  \\$aFTaSU$bFSULC$cGEN$9LOCAL
=980  \\$a20230425$b12.95$d672769$e12.95$f99993290141$9LOCAL
=981  \\$bFTZIRTL$9LOCAL
=993  \\$9LOCAL

