=LDR  01943cam a2200409 i 4500
=001  on1349965956
=003  OCoLC
=005  20221208144725.8
=008  221103t20222022ilu\\\\\\\\\\\000\d\eng\d
=024  8\$a18199812
=035  \\$a99993290142
=040  \\$aYDX$beng$erda$cYDX$dTKN
=020  \\$a1619592789$qpaperback
=020  \\$a9781619592780$qpaperback
=035  \\$a(OCoLC)1349965956
=049  \\$aFSSG$l31254802703328
=050  \4$aPS3603.O25$bB855 2022
=100  1\$aCoble, Eric,$eauthor.
=245  10$aBulletproof backpack /$cby Eric Coble.
=264  \1$aWoodstock, Illinois :$bDramatic Publishing Company,$c[2022]
=264  \4$c©2022
=300  \\$a70 pages ;$c19 cm
=336  \\$atext$btxt$2rdacontent
=337  \\$aunmediated$bn$2rdamedia
=338  \\$avolume$bnc$2rdacarrier
=500  \\$a"Teenager Cloe accidentally sees a list of names another student is compiling. Is it a hit list for a planned school shooting, or is it something more innocent? Now Cloe has one night to make the hardest decision she's ever faced: Say nothing and risk a mass murder, or report the student and possibly ruin his life over nothing. In a cascading series of phone calls, Cloe, her friends and two adults race against the clock to find the balance between responsibility and panic. Active shooter drills are supposed to prepare students to survive, but what's preparing them to live under a constant threat of violence?"--Back cover.
=500  \\$aCast: 10 any gender; approximate running time: 75 minutes.
=500  \\$a"Code: BM8000"-- Back cover.
=650  \0$aSchool shootings$xPsychological aspects$vDrama.
=650  \0$aTeenagers$vDrama.
=650  \0$aFear of crime$xPsychological aspects$vDrama.
=650  \0$aFear$xPsychological aspects$vDrama.
=655  \7$aDrama.$2lcgft
=949  \\$aFTaSU$bFSULC$cGEN$9LOCAL
=980  \\$a20230425$b11.95$d672769$e11.95$f99993290142$9LOCAL
=981  \\$bFTZIRTL$9LOCAL
=993  \\$9LOCAL

